
<record>
  <leader>02743cas a2200577 a 4500</leader>
  <controlfield tag="001">11149642</controlfield>
  <controlfield tag="005">20200101075647.0</controlfield>
  <controlfield tag="008">780916d19591968fr ar         1   a0eng c</controlfield>
  <datafield tag="010" ind1=" " ind2=" ">
    <subfield code="a">   56029083 </subfield>
    <subfield code="z">   01238100 </subfield>
    <subfield code="z">  2001238100</subfield>
  </datafield>
  <datafield tag="016" ind1="7" ind2=" ">
    <subfield code="a">011461403</subfield>
    <subfield code="2">DE-101</subfield>
  </datafield>
  <datafield tag="016" ind1="7" ind2=" ">
    <subfield code="a">241929-4</subfield>
    <subfield code="2">DE-600</subfield>
  </datafield>
  <datafield tag="035" ind1=" " ind2=" ">
    <subfield code="a">(OCoLC)ocm04228907 </subfield>
  </datafield>
  <datafield tag="040" ind1=" " ind2=" ">
    <subfield code="a">AZS</subfield>
    <subfield code="b">eng</subfield>
    <subfield code="c">AZS</subfield>
    <subfield code="d">NYG</subfield>
    <subfield code="d">DLC</subfield>
    <subfield code="d">NST</subfield>
    <subfield code="d">HUL</subfield>
    <subfield code="d">NST</subfield>
    <subfield code="d">IUL</subfield>
    <subfield code="d">DLC</subfield>
    <subfield code="d">DEBBG</subfield>
    <subfield code="d">GBVCP</subfield>
    <subfield code="d">GWDNB</subfield>
    <subfield code="d">OCLCQ</subfield>
    <subfield code="d">OCLCO</subfield>
    <subfield code="d">OCLCF</subfield>
    <subfield code="d">OCLCO</subfield>
    <subfield code="d">OCL</subfield>
    <subfield code="d">OCLCO</subfield>
    <subfield code="d">ORZ</subfield>
    <subfield code="d">OCLCQ</subfield>
    <subfield code="d">ORZ</subfield>
  </datafield>
  <datafield tag="042" ind1=" " ind2=" ">
    <subfield code="a">pcc</subfield>
  </datafield>
  <datafield tag="043" ind1=" " ind2=" ">
    <subfield code="a">e------</subfield>
  </datafield>
  <datafield tag="050" ind1="0" ind2="0">
    <subfield code="a">HE11</subfield>
    <subfield code="b">.E83</subfield>
  </datafield>
  <datafield tag="082" ind1="0" ind2="4">
    <subfield code="a">380.5094</subfield>
    <subfield code="b">E89</subfield>
  </datafield>
  <datafield tag="110" ind1="2" ind2=" ">
    <subfield code="a">European Conference of Ministers of Transport.</subfield>
  </datafield>
  <datafield tag="240" ind1="1" ind2="0">
    <subfield code="a">Annual report (1959)</subfield>
  </datafield>
  <datafield tag="245" ind1="1" ind2="0">
    <subfield code="a">Annual report /</subfield>
    <subfield code="c">European Conference of Ministers of Transport.</subfield>
  </datafield>
  <datafield tag="260" ind1=" " ind2=" ">
    <subfield code="a">Paris :</subfield>
    <subfield code="b">Secretariat of the E.C.M.T.,</subfield>
    <subfield code="c">1959-1968.</subfield>
  </datafield>
  <datafield tag="300" ind1=" " ind2=" ">
    <subfield code="a">10 volumes ;</subfield>
    <subfield code="c">24 cm</subfield>
  </datafield>
  <datafield tag="310" ind1=" " ind2=" ">
    <subfield code="a">Annual</subfield>
  </datafield>
  <datafield tag="336" ind1=" " ind2=" ">
    <subfield code="a">text</subfield>
    <subfield code="b">txt</subfield>
    <subfield code="2">rdacontent</subfield>
  </datafield>
  <datafield tag="337" ind1=" " ind2=" ">
    <subfield code="a">unmediated</subfield>
    <subfield code="b">n</subfield>
    <subfield code="2">rdamedia</subfield>
  </datafield>
  <datafield tag="338" ind1=" " ind2=" ">
    <subfield code="a">volume</subfield>
    <subfield code="b">nc</subfield>
    <subfield code="2">rdacarrier</subfield>
  </datafield>
  <datafield tag="362" ind1="0" ind2=" ">
    <subfield code="a">5th-14th.</subfield>
  </datafield>
  <datafield tag="515" ind1=" " ind2=" ">
    <subfield code="a">Report covers year previous to publication.</subfield>
  </datafield>
  <datafield tag="580" ind1=" " ind2=" ">
    <subfield code="a">Merged with: European Conference of Ministers of Transport. Council of Ministers. Resolutions, to form: European Conference of Ministers of Transport. Annual report and resolutions of the Council of Ministers.</subfield>
  </datafield>
  <datafield tag="590" ind1=" " ind2=" ">
    <subfield code="a">SERBIB/SERLOC merged record</subfield>
  </datafield>
  <datafield tag="610" ind1="2" ind2="0">
    <subfield code="a">European Conference of Ministers of Transport</subfield>
    <subfield code="v">Periodicals.</subfield>
  </datafield>
  <datafield tag="610" ind1="2" ind2="7">
    <subfield code="a">European Conference of Ministers of Transport.</subfield>
    <subfield code="2">fast</subfield>
    <subfield code="0">(OCoLC)fst00546513</subfield>
  </datafield>
  <datafield tag="650" ind1=" " ind2="0">
    <subfield code="a">Transportation</subfield>
    <subfield code="z">Europe</subfield>
    <subfield code="v">Congresses.</subfield>
  </datafield>
  <datafield tag="650" ind1=" " ind2="7">
    <subfield code="a">Transportation.</subfield>
    <subfield code="2">fast</subfield>
    <subfield code="0">(OCoLC)fst01155007</subfield>
  </datafield>
  <datafield tag="651" ind1=" " ind2="7">
    <subfield code="a">Europe.</subfield>
    <subfield code="2">fast</subfield>
    <subfield code="0">(OCoLC)fst01245064</subfield>
  </datafield>
  <datafield tag="650" ind1=" " ind2="7">
    <subfield code="a">Verkehrspolitik.</subfield>
    <subfield code="2">stw</subfield>
  </datafield>
  <datafield tag="650" ind1=" " ind2="7">
    <subfield code="a">Europa.</subfield>
    <subfield code="2">stw</subfield>
  </datafield>
  <datafield tag="655" ind1=" " ind2="7">
    <subfield code="a">Conference papers and proceedings.</subfield>
    <subfield code="2">fast</subfield>
    <subfield code="0">(OCoLC)fst01423772</subfield>
  </datafield>
  <datafield tag="655" ind1=" " ind2="7">
    <subfield code="a">Periodicals.</subfield>
    <subfield code="2">fast</subfield>
    <subfield code="0">(OCoLC)fst01411641</subfield>
  </datafield>
  <datafield tag="776" ind1="0" ind2="8">
    <subfield code="i">Online version:</subfield>
    <subfield code="a">European Conference of Ministers of Transport.</subfield>
    <subfield code="t">Annual report (1959)</subfield>
    <subfield code="w">(OCoLC)565367280</subfield>
  </datafield>
  <datafield tag="780" ind1="0" ind2="0">
    <subfield code="a">European Conference of Ministers of Transport.</subfield>
    <subfield code="t">Rapport sur l&apos;activité de la conference</subfield>
    <subfield code="w">(DLC)  2001238099</subfield>
    <subfield code="w">(OCoLC)6988512</subfield>
  </datafield>
  <datafield tag="785" ind1="1" ind2="7">
    <subfield code="a">European Conference of Ministers of Transport. Council of Ministers.</subfield>
    <subfield code="t">Resolutions</subfield>
    <subfield code="w">(DLC)  2001238112</subfield>
    <subfield code="w">(OCoLC)45963446</subfield>
  </datafield>
  <datafield tag="785" ind1="1" ind2="7">
    <subfield code="a">European Conference of Ministers of Transport.</subfield>
    <subfield code="t">Annual report and resolutions of the Council of Ministers</subfield>
    <subfield code="w">(DLC)sn 77011842</subfield>
    <subfield code="w">(OCoLC)3979383</subfield>
  </datafield>
  <datafield tag="850" ind1=" " ind2=" ">
    <subfield code="a">CSt</subfield>
    <subfield code="a">DLC</subfield>
    <subfield code="a">FU</subfield>
    <subfield code="a">MH-PA</subfield>
    <subfield code="a">NjP</subfield>
  </datafield>
  <datafield tag="853" ind1="2" ind2="0">
    <subfield code="8">1</subfield>
    <subfield code="a">(*)</subfield>
    <subfield code="i">(year)</subfield>
    <subfield code="w">a</subfield>
  </datafield>
  <datafield tag="863" ind1="4" ind2="1">
    <subfield code="8">1.1</subfield>
    <subfield code="a">14th</subfield>
    <subfield code="i">1968</subfield>
  </datafield>
  <datafield tag="890" ind1=" " ind2=" ">
    <subfield code="a">European Conference of Ministers of Transport.  Report.  Paris.</subfield>
    <subfield code="i">56-29083/R832</subfield>
  </datafield>
  <datafield tag="906" ind1=" " ind2=" ">
    <subfield code="a">7</subfield>
    <subfield code="b">cbc</subfield>
    <subfield code="c">serials</subfield>
    <subfield code="d">3</subfield>
    <subfield code="e">ncip</subfield>
    <subfield code="f">19</subfield>
    <subfield code="g">n-oclcserc</subfield>
  </datafield>
  <datafield tag="920" ind1=" " ind2=" ">
    <subfield code="a">Keep 1</subfield>
  </datafield>
  <datafield tag="991" ind1=" " ind2=" ">
    <subfield code="b">c-GenColl</subfield>
    <subfield code="h">HE11</subfield>
    <subfield code="i">.E83</subfield>
    <subfield code="w">SERIALS</subfield>
  </datafield>
  <datafield tag="992" ind1=" " ind2=" ">
    <subfield code="b">B/L</subfield>
    <subfield code="w">SERLOC</subfield>
  </datafield>
</record>