
<record>
  <leader>04717cas a2200937 a 4500</leader>
  <controlfield tag="001">11193600</controlfield>
  <controlfield tag="005">20200101075646.0</controlfield>
  <controlfield tag="008">760402d19752004dcuqr p      f0   a0eng c</controlfield>
  <datafield tag="010" ind1=" " ind2=" ">
    <subfield code="a">   75648421 </subfield>
  </datafield>
  <datafield tag="016" ind1="7" ind2=" ">
    <subfield code="a">7610370</subfield>
    <subfield code="2">DNLM</subfield>
  </datafield>
  <datafield tag="016" ind1="7" ind2=" ">
    <subfield code="a">A25740000</subfield>
    <subfield code="2">DNLM</subfield>
  </datafield>
  <datafield tag="022" ind1="0" ind2=" ">
    <subfield code="a">0362-4048</subfield>
    <subfield code="l">0362-4048</subfield>
    <subfield code="y">0362-0408</subfield>
    <subfield code="z">0360-2176</subfield>
    <subfield code="2">1</subfield>
  </datafield>
  <datafield tag="030" ind1=" " ind2=" ">
    <subfield code="a">AMREDG</subfield>
  </datafield>
  <datafield tag="032" ind1=" " ind2=" ">
    <subfield code="a">463610</subfield>
    <subfield code="b">USPS</subfield>
  </datafield>
  <datafield tag="035" ind1=" " ind2=" ">
    <subfield code="a">(OCoLC)ocm02087085 </subfield>
  </datafield>
  <datafield tag="037" ind1=" " ind2=" ">
    <subfield code="a">765-002-00000-1</subfield>
    <subfield code="b">Supt. of Docs., U.S. Govt. Print. Off., P. O. Box 371954, Pittsburgh, PA 15250-7954</subfield>
  </datafield>
  <datafield tag="040" ind1=" " ind2=" ">
    <subfield code="a">PIT</subfield>
    <subfield code="b">eng</subfield>
    <subfield code="c">PIT</subfield>
    <subfield code="d">NSD</subfield>
    <subfield code="d">DLC</subfield>
    <subfield code="d">NSD</subfield>
    <subfield code="d">DLC</subfield>
    <subfield code="d">NSD</subfield>
    <subfield code="d">GPO</subfield>
    <subfield code="d">OCL</subfield>
    <subfield code="d">GPO</subfield>
    <subfield code="d">SER</subfield>
    <subfield code="d">OCL</subfield>
    <subfield code="d">GPO</subfield>
    <subfield code="d">NST</subfield>
    <subfield code="d">OCL</subfield>
    <subfield code="d">GPO</subfield>
    <subfield code="d">NSD</subfield>
    <subfield code="d">GPO</subfield>
    <subfield code="d">NST</subfield>
    <subfield code="d">GPO</subfield>
    <subfield code="d">WAU</subfield>
    <subfield code="d">EYM</subfield>
    <subfield code="d">GPO</subfield>
    <subfield code="d">IUL</subfield>
    <subfield code="d">SYS</subfield>
    <subfield code="d">NLM</subfield>
    <subfield code="d">OCLCQ</subfield>
    <subfield code="d">GPO</subfield>
    <subfield code="d">CUI</subfield>
    <subfield code="d">OCLCQ</subfield>
    <subfield code="d">DLC</subfield>
    <subfield code="d">OCLCQ</subfield>
    <subfield code="d">OCLCF</subfield>
    <subfield code="d">OCLCO</subfield>
    <subfield code="d">EUW</subfield>
    <subfield code="d">OCLCO</subfield>
    <subfield code="d">OCLCQ</subfield>
    <subfield code="d">OCLCO</subfield>
    <subfield code="d">TPA</subfield>
    <subfield code="d">OCLCO</subfield>
    <subfield code="d">OCLCA</subfield>
    <subfield code="d">OCLCQ</subfield>
    <subfield code="d">GPO</subfield>
  </datafield>
  <datafield tag="042" ind1=" " ind2=" ">
    <subfield code="a">pcc</subfield>
    <subfield code="a">nsdp</subfield>
  </datafield>
  <datafield tag="043" ind1=" " ind2=" ">
    <subfield code="a">n-us---</subfield>
  </datafield>
  <datafield tag="050" ind1="0" ind2="0">
    <subfield code="a">HD7255.A2</subfield>
    <subfield code="b">A19</subfield>
  </datafield>
  <datafield tag="060" ind1="0" ind2="0">
    <subfield code="a">W1</subfield>
    <subfield code="b">AM7435</subfield>
  </datafield>
  <datafield tag="074" ind1=" " ind2=" ">
    <subfield code="a">0506-C-04</subfield>
  </datafield>
  <datafield tag="074" ind1=" " ind2=" ">
    <subfield code="a">0506-C-04 (online)</subfield>
  </datafield>
  <datafield tag="082" ind1="0" ind2="4">
    <subfield code="a">362.8/5</subfield>
  </datafield>
  <datafield tag="086" ind1="0" ind2=" ">
    <subfield code="a">HE 1.612:</subfield>
  </datafield>
  <datafield tag="086" ind1="0" ind2=" ">
    <subfield code="a">ED 1.211:</subfield>
  </datafield>
  <datafield tag="210" ind1="0" ind2=" ">
    <subfield code="a">Am. rehabil.</subfield>
  </datafield>
  <datafield tag="222" ind1=" " ind2="0">
    <subfield code="a">American rehabilitation</subfield>
  </datafield>
  <datafield tag="245" ind1="0" ind2="0">
    <subfield code="a">American rehabilitation :</subfield>
    <subfield code="b">AR.</subfield>
  </datafield>
  <datafield tag="246" ind1="3" ind2="0">
    <subfield code="a">AR</subfield>
  </datafield>
  <datafield tag="249" ind1="0" ind2=" ">
    <subfield code="i">ACQUIRE Title:</subfield>
    <subfield code="a">American rehabilitation : AR</subfield>
  </datafield>
  <datafield tag="260" ind1=" " ind2=" ">
    <subfield code="a">Washington, D.C. :</subfield>
    <subfield code="b">U.S. Dept. of Health, Education, and Welfare [Rehabilitation Services Administration] :</subfield>
    <subfield code="b">Supt. of Docs., U.S. G.P.O., distributor</subfield>
  </datafield>
  <datafield tag="300" ind1=" " ind2=" ">
    <subfield code="a">volumes :</subfield>
    <subfield code="b">illustrations ;</subfield>
    <subfield code="c">28 cm</subfield>
  </datafield>
  <datafield tag="310" ind1=" " ind2=" ">
    <subfield code="a">Quarterly,</subfield>
    <subfield code="b">Jan.-Mar. 1983-</subfield>
  </datafield>
  <datafield tag="321" ind1=" " ind2=" ">
    <subfield code="a">Bimonthly,</subfield>
    <subfield code="b">Sept.-Oct. 1975--Nov.-Dec. 1982</subfield>
  </datafield>
  <datafield tag="336" ind1=" " ind2=" ">
    <subfield code="a">text</subfield>
    <subfield code="b">txt</subfield>
    <subfield code="2">rdacontent</subfield>
  </datafield>
  <datafield tag="337" ind1=" " ind2=" ">
    <subfield code="a">unmediated</subfield>
    <subfield code="b">n</subfield>
    <subfield code="2">rdamedia</subfield>
  </datafield>
  <datafield tag="338" ind1=" " ind2=" ">
    <subfield code="a">volume</subfield>
    <subfield code="b">nc</subfield>
    <subfield code="2">rdacarrier</subfield>
  </datafield>
  <datafield tag="362" ind1="1" ind2=" ">
    <subfield code="a">Began with v. 1, no. 1 (Sept.-Oct. 1975); ceased with v. 28, no. 1 (autumn 2004).</subfield>
  </datafield>
  <datafield tag="500" ind1=" " ind2=" ">
    <subfield code="a">Issues for &lt;winter, 1996-&gt; lack subtitle.</subfield>
  </datafield>
  <datafield tag="515" ind1=" " ind2=" ">
    <subfield code="a">Vol. 17, no. 2-4 (summer-winter 1991) and v. 21, no. 4 not published.</subfield>
  </datafield>
  <datafield tag="530" ind1=" " ind2=" ">
    <subfield code="a">Archived copies available from the Department of Education website. Addresses as of 1/13/2005: http://www.ed.gov/news/newsletters/amrehab/index.html and http://www.ed.gov/pubs/AmericanRehab/index.html; current access via PURLs.</subfield>
  </datafield>
  <datafield tag="550" ind1=" " ind2=" ">
    <subfield code="a">Official publication of: the Rehabilitation Services Administration.</subfield>
  </datafield>
  <datafield tag="550" ind1=" " ind2=" ">
    <subfield code="a">Volumes for Sept./Oct. 1975-May/June 1980 issued by: the Dept. of Health, Education, and Welfare, Rehabilitation Services Administration; July/Aug. 1980- by: the U.S. Dept. of Education, Office of Special Education and Rehabilitative Services, Rehabilitation Services Administration.</subfield>
  </datafield>
  <datafield tag="588" ind1=" " ind2=" ">
    <subfield code="a">Description based on: Vol. 4, no. 3 (Jan.-Feb. 1979); title from cover.</subfield>
  </datafield>
  <datafield tag="588" ind1=" " ind2=" ">
    <subfield code="a">Latest issue consulted: Vol. 23, no. 1 (spring 1997).</subfield>
  </datafield>
  <datafield tag="590" ind1=" " ind2=" ">
    <subfield code="a">SERBIB/SERLOC merged record</subfield>
  </datafield>
  <datafield tag="592" ind1=" " ind2=" ">
    <subfield code="a">ACQN: aq 94015000</subfield>
  </datafield>
  <datafield tag="650" ind1=" " ind2="0">
    <subfield code="a">Rehabilitation</subfield>
    <subfield code="v">Periodicals.</subfield>
  </datafield>
  <datafield tag="650" ind1=" " ind2="0">
    <subfield code="a">Rehabilitation</subfield>
    <subfield code="z">United States</subfield>
    <subfield code="v">Periodicals.</subfield>
  </datafield>
  <datafield tag="650" ind1=" " ind2="0">
    <subfield code="a">Medical rehabilitation</subfield>
    <subfield code="z">United States</subfield>
    <subfield code="v">Periodicals.</subfield>
  </datafield>
  <datafield tag="650" ind1=" " ind2="0">
    <subfield code="a">People with disabilities</subfield>
    <subfield code="x">Rehabilitation</subfield>
    <subfield code="z">United States</subfield>
    <subfield code="v">Periodicals.</subfield>
  </datafield>
  <datafield tag="650" ind1=" " ind2="2">
    <subfield code="a">Disabled Persons.</subfield>
  </datafield>
  <datafield tag="650" ind1=" " ind2="2">
    <subfield code="a">Rehabilitation.</subfield>
  </datafield>
  <datafield tag="650" ind1=" " ind2="7">
    <subfield code="a">Medical rehabilitation.</subfield>
    <subfield code="2">fast</subfield>
    <subfield code="0">(OCoLC)fst01014582</subfield>
  </datafield>
  <datafield tag="650" ind1=" " ind2="7">
    <subfield code="a">People with disabilities</subfield>
    <subfield code="x">Rehabilitation.</subfield>
    <subfield code="2">fast</subfield>
    <subfield code="0">(OCoLC)fst01057318</subfield>
  </datafield>
  <datafield tag="650" ind1=" " ind2="7">
    <subfield code="a">Rehabilitation.</subfield>
    <subfield code="2">fast</subfield>
    <subfield code="0">(OCoLC)fst01093291</subfield>
  </datafield>
  <datafield tag="651" ind1=" " ind2="7">
    <subfield code="a">United States.</subfield>
    <subfield code="2">fast</subfield>
    <subfield code="0">(OCoLC)fst01204155</subfield>
  </datafield>
  <datafield tag="655" ind1=" " ind2="0">
    <subfield code="a">Electronic journals.</subfield>
  </datafield>
  <datafield tag="655" ind1=" " ind2="2">
    <subfield code="a">Periodical.</subfield>
  </datafield>
  <datafield tag="655" ind1=" " ind2="7">
    <subfield code="a">Periodicals.</subfield>
    <subfield code="2">fast</subfield>
    <subfield code="0">(OCoLC)fst01411641</subfield>
  </datafield>
  <datafield tag="655" ind1=" " ind2="7">
    <subfield code="a">Electronic journals.</subfield>
    <subfield code="2">lcgft</subfield>
  </datafield>
  <datafield tag="710" ind1="1" ind2=" ">
    <subfield code="a">United States.</subfield>
    <subfield code="b">Rehabilitation Services Administration.</subfield>
  </datafield>
  <datafield tag="776" ind1="0" ind2="8">
    <subfield code="i">Online version:</subfield>
    <subfield code="t">American rehabilitation (Online)</subfield>
    <subfield code="x">2169-8554</subfield>
    <subfield code="w">(DLC)  2012203414</subfield>
    <subfield code="w">(OCoLC)60638937</subfield>
  </datafield>
  <datafield tag="776" ind1="0" ind2="8">
    <subfield code="i">Online version:</subfield>
    <subfield code="t">American rehabilitation</subfield>
    <subfield code="w">(OCoLC)622670065</subfield>
  </datafield>
  <datafield tag="850" ind1=" " ind2=" ">
    <subfield code="a">CtY-M</subfield>
    <subfield code="a">DGW</subfield>
    <subfield code="a">DLC</subfield>
    <subfield code="a">ICarbS</subfield>
    <subfield code="a">IEN-M</subfield>
    <subfield code="a">IU-M</subfield>
    <subfield code="a">InLP</subfield>
    <subfield code="a">InU</subfield>
    <subfield code="a">MBU</subfield>
    <subfield code="a">MiU</subfield>
    <subfield code="a">NN</subfield>
    <subfield code="a">NSyU</subfield>
    <subfield code="a">PPT</subfield>
    <subfield code="a">TxArU</subfield>
    <subfield code="a">TxU</subfield>
    <subfield code="a">WaU</subfield>
  </datafield>
  <datafield tag="859" ind1="4" ind2="1">
    <subfield code="u">http://purl.access.gpo.gov/GPO/LPS74874</subfield>
    <subfield code="z">Archived issues</subfield>
  </datafield>
  <datafield tag="859" ind1="4" ind2="1">
    <subfield code="u">http://search.ebscohost.com/direct.asp?db=a9h&amp;jid=AMR&amp;scope=site</subfield>
  </datafield>
  <datafield tag="853" ind1="2" ind2="2">
    <subfield code="8">1</subfield>
    <subfield code="a">v.</subfield>
    <subfield code="b">no.</subfield>
    <subfield code="u">06</subfield>
    <subfield code="v">r</subfield>
    <subfield code="i">(year/year)</subfield>
    <subfield code="j">(month/month)</subfield>
    <subfield code="w">b</subfield>
    <subfield code="x">09</subfield>
  </datafield>
  <datafield tag="863" ind1="4" ind2="0">
    <subfield code="8">1</subfield>
    <subfield code="a">&lt;1&gt;</subfield>
    <subfield code="b">&lt;3&gt;-</subfield>
    <subfield code="i">&lt;1975/1976&gt;</subfield>
    <subfield code="j">&lt;Jan./Feb./July&gt;-</subfield>
    <subfield code="x">provisional</subfield>
  </datafield>
  <datafield tag="853" ind1="0" ind2="2">
    <subfield code="8">2</subfield>
    <subfield code="a">v.</subfield>
    <subfield code="b">no.</subfield>
    <subfield code="u">var</subfield>
    <subfield code="v">r</subfield>
    <subfield code="i">(year)</subfield>
    <subfield code="j">(month)</subfield>
  </datafield>
  <datafield tag="863" ind1="4" ind2="0">
    <subfield code="8">2</subfield>
    <subfield code="a">&lt;9&gt;</subfield>
    <subfield code="b">&lt;1&gt;</subfield>
    <subfield code="i">&lt;1983&gt;</subfield>
    <subfield code="x">provisional</subfield>
  </datafield>
  <datafield tag="853" ind1="3" ind2="3">
    <subfield code="8">3</subfield>
    <subfield code="a">v.</subfield>
    <subfield code="i">(year)</subfield>
    <subfield code="j">(season)</subfield>
  </datafield>
  <datafield tag="863" ind1="4" ind2="0">
    <subfield code="8">3</subfield>
    <subfield code="a">&lt;18&gt;-</subfield>
    <subfield code="i">&lt;1992&gt;-</subfield>
    <subfield code="x">provisional</subfield>
  </datafield>
  <datafield tag="890" ind1=" " ind2=" ">
    <subfield code="a">AR, American rehabilitation.  (Rehabilitation Services Administration) Washington.  1975-  .</subfield>
    <subfield code="i">75-648421</subfield>
  </datafield>
  <datafield tag="906" ind1=" " ind2=" ">
    <subfield code="a">7</subfield>
    <subfield code="b">cbc</subfield>
    <subfield code="c">serials</subfield>
    <subfield code="d">3</subfield>
    <subfield code="e">ncip</subfield>
    <subfield code="f">19</subfield>
    <subfield code="g">n-oclcserc</subfield>
  </datafield>
  <datafield tag="920" ind1=" " ind2=" ">
    <subfield code="a">Keep 2</subfield>
  </datafield>
  <datafield tag="984" ind1=" " ind2=" ">
    <subfield code="a">srvf</subfield>
  </datafield>
  <datafield tag="991" ind1=" " ind2=" ">
    <subfield code="b">c-GenColl</subfield>
    <subfield code="h">HD7255.A2</subfield>
    <subfield code="i">A19</subfield>
    <subfield code="w">SERIALS</subfield>
  </datafield>
  <datafield tag="991" ind1=" " ind2=" ">
    <subfield code="b">c-GenColl</subfield>
    <subfield code="h">HD7255.A2</subfield>
    <subfield code="i">A19</subfield>
    <subfield code="p">00032508765</subfield>
    <subfield code="t">Copy 2</subfield>
    <subfield code="v">20:1-3 * 1994</subfield>
    <subfield code="w">CCF</subfield>
  </datafield>
  <datafield tag="992" ind1=" " ind2=" ">
    <subfield code="b">Ser</subfield>
    <subfield code="w">SERLOC</subfield>
  </datafield>
</record>