
<record>
  <leader>03053cas a2200733   4500</leader>
  <controlfield tag="001">11242694</controlfield>
  <controlfield tag="005">20200101075647.0</controlfield>
  <controlfield tag="008">781031d19782016ko mr p       0    0eng c</controlfield>
  <datafield tag="010" ind1=" " ind2=" ">
    <subfield code="a">   80647606 </subfield>
  </datafield>
  <datafield tag="016" ind1="7" ind2=" ">
    <subfield code="a">011151441</subfield>
    <subfield code="2">Uk</subfield>
  </datafield>
  <datafield tag="016" ind1="7" ind2=" ">
    <subfield code="a">000273422</subfield>
    <subfield code="2">IsJJNL</subfield>
  </datafield>
  <datafield tag="022" ind1=" " ind2=" ">
    <subfield code="a">1228-517X</subfield>
    <subfield code="l">1228-517X</subfield>
  </datafield>
  <datafield tag="035" ind1=" " ind2=" ">
    <subfield code="a">(OCoLC)ocm04333734 </subfield>
  </datafield>
  <datafield tag="037" ind1=" " ind2=" ">
    <subfield code="b">The Editor, Vantage point, Yonhap News Agency, 85-1 Soosong-dong, Chongro-gu, Seoul, 110-140, Korea P.O. Box Kwanghwamoon 1039, Korea</subfield>
  </datafield>
  <datafield tag="040" ind1=" " ind2=" ">
    <subfield code="a">COO</subfield>
    <subfield code="b">eng</subfield>
    <subfield code="c">COO</subfield>
    <subfield code="d">YUS</subfield>
    <subfield code="d">IUL</subfield>
    <subfield code="d">DLC</subfield>
    <subfield code="d">NST</subfield>
    <subfield code="d">NYG</subfield>
    <subfield code="d">NST</subfield>
    <subfield code="d">DLC</subfield>
    <subfield code="d">NST</subfield>
    <subfield code="d">DLC</subfield>
    <subfield code="d">SYS</subfield>
    <subfield code="d">IUL</subfield>
    <subfield code="d">DIBAM</subfield>
    <subfield code="d">NLGGC</subfield>
    <subfield code="d">SINLB</subfield>
    <subfield code="d">OCLCQ</subfield>
    <subfield code="d">UKMGB</subfield>
    <subfield code="d">TULIB</subfield>
    <subfield code="d">DLC</subfield>
    <subfield code="d">CUI</subfield>
    <subfield code="d">OCLCF</subfield>
    <subfield code="d">OCLCO</subfield>
    <subfield code="d">OCL</subfield>
    <subfield code="d">DOS</subfield>
    <subfield code="d">OCLCO</subfield>
    <subfield code="d">J9U</subfield>
    <subfield code="d">CUS</subfield>
    <subfield code="d">OCLCA</subfield>
  </datafield>
  <datafield tag="042" ind1=" " ind2=" ">
    <subfield code="a">pcc</subfield>
  </datafield>
  <datafield tag="043" ind1=" " ind2=" ">
    <subfield code="a">a-kn---</subfield>
  </datafield>
  <datafield tag="050" ind1="0" ind2="0">
    <subfield code="a">DS930</subfield>
    <subfield code="b">.V35</subfield>
  </datafield>
  <datafield tag="082" ind1="1" ind2="4">
    <subfield code="a">951.9/3043/05</subfield>
    <subfield code="2">21</subfield>
  </datafield>
  <datafield tag="245" ind1="0" ind2="0">
    <subfield code="a">Vantage point.</subfield>
  </datafield>
  <datafield tag="249" ind1="0" ind2=" ">
    <subfield code="i">ACQUIRE Title:</subfield>
    <subfield code="a">Vantage point</subfield>
  </datafield>
  <datafield tag="260" ind1=" " ind2=" ">
    <subfield code="3">1978-:</subfield>
    <subfield code="a">Seoul, Korea :</subfield>
    <subfield code="b">Naewoe Press,</subfield>
    <subfield code="c">1978-[2016]</subfield>
  </datafield>
  <datafield tag="260" ind1="3" ind2=" ">
    <subfield code="3">&lt;Nov. 1999-&gt;:</subfield>
    <subfield code="a">Seoul, Korea :</subfield>
    <subfield code="b">Yonhap News Agency</subfield>
  </datafield>
  <datafield tag="300" ind1=" " ind2=" ">
    <subfield code="a">39 volumes</subfield>
    <subfield code="c">25 cm</subfield>
  </datafield>
  <datafield tag="310" ind1=" " ind2=" ">
    <subfield code="a">Monthly</subfield>
  </datafield>
  <datafield tag="336" ind1=" " ind2=" ">
    <subfield code="a">text</subfield>
    <subfield code="b">txt</subfield>
    <subfield code="2">rdacontent</subfield>
  </datafield>
  <datafield tag="337" ind1=" " ind2=" ">
    <subfield code="a">unmediated</subfield>
    <subfield code="b">n</subfield>
    <subfield code="2">rdamedia</subfield>
  </datafield>
  <datafield tag="338" ind1=" " ind2=" ">
    <subfield code="a">volume</subfield>
    <subfield code="b">nc</subfield>
    <subfield code="2">rdacarrier</subfield>
  </datafield>
  <datafield tag="362" ind1="0" ind2=" ">
    <subfield code="a">v. 1-   May 1978-</subfield>
  </datafield>
  <datafield tag="362" ind1="1" ind2=" ">
    <subfield code="a">Ceased with Vol. 39, No.1 (January 2016).</subfield>
  </datafield>
  <datafield tag="500" ind1=" " ind2=" ">
    <subfield code="a">&quot;Developments in North Korea.&quot;</subfield>
  </datafield>
  <datafield tag="500" ind1=" " ind2=" ">
    <subfield code="a">Vols. for &lt;Nov. 1999- &gt; published by: Yonhap News Agency.</subfield>
  </datafield>
  <datafield tag="588" ind1="1" ind2=" ">
    <subfield code="a">Vol. 39, No. 1 (January 2016).</subfield>
  </datafield>
  <datafield tag="590" ind1=" " ind2=" ">
    <subfield code="a">SERBIB/SERLOC merged record</subfield>
  </datafield>
  <datafield tag="592" ind1=" " ind2=" ">
    <subfield code="a">ACQN: aq 99005919</subfield>
  </datafield>
  <datafield tag="592" ind1=" " ind2=" ">
    <subfield code="a">ACQN: aq 94029225</subfield>
  </datafield>
  <datafield tag="651" ind1=" " ind2="0">
    <subfield code="a">Korea (North)</subfield>
    <subfield code="v">Periodicals.</subfield>
  </datafield>
  <datafield tag="651" ind1=" " ind2="0">
    <subfield code="a">Korea (North)</subfield>
    <subfield code="x">Politics and government</subfield>
    <subfield code="v">Periodicals.</subfield>
  </datafield>
  <datafield tag="651" ind1=" " ind2="0">
    <subfield code="a">Korea (North)</subfield>
    <subfield code="x">Economic conditions</subfield>
    <subfield code="v">Periodicals.</subfield>
  </datafield>
  <datafield tag="651" ind1=" " ind2="7">
    <subfield code="a">COREA DEL NORTE</subfield>
    <subfield code="x">HISTORIA</subfield>
    <subfield code="x">PUBLICACIONES PERIODICAS.</subfield>
    <subfield code="2">renib</subfield>
  </datafield>
  <datafield tag="650" ind1="1" ind2="7">
    <subfield code="a">Economische ontwikkeling.</subfield>
    <subfield code="2">gtt</subfield>
  </datafield>
  <datafield tag="650" ind1=" " ind2="7">
    <subfield code="a">Economic history.</subfield>
    <subfield code="2">fast</subfield>
    <subfield code="0">(OCoLC)fst00901974</subfield>
  </datafield>
  <datafield tag="650" ind1=" " ind2="7">
    <subfield code="a">Politics and government</subfield>
    <subfield code="2">fast</subfield>
    <subfield code="0">(OCoLC)fst01919741</subfield>
  </datafield>
  <datafield tag="651" ind1=" " ind2="7">
    <subfield code="a">Korea (North)</subfield>
    <subfield code="2">fast</subfield>
    <subfield code="0">(OCoLC)fst01214151</subfield>
  </datafield>
  <datafield tag="655" ind1=" " ind2="7">
    <subfield code="a">Periodicals.</subfield>
    <subfield code="2">fast</subfield>
    <subfield code="0">(OCoLC)fst01411641</subfield>
  </datafield>
  <datafield tag="655" ind1=" " ind2="7">
    <subfield code="a">Periodicals.</subfield>
    <subfield code="2">lcgft</subfield>
  </datafield>
  <datafield tag="776" ind1="0" ind2="8">
    <subfield code="i">Online version:</subfield>
    <subfield code="t">Vantage point</subfield>
    <subfield code="w">(OCoLC)560026857</subfield>
  </datafield>
  <datafield tag="780" ind1="0" ind2="0">
    <subfield code="t">North Korea newsletter</subfield>
    <subfield code="w">(OCoLC)3825841</subfield>
  </datafield>
  <datafield tag="850" ind1=" " ind2=" ">
    <subfield code="a">CSt-H CU</subfield>
    <subfield code="a">CU-SB</subfield>
    <subfield code="a">DGW</subfield>
    <subfield code="a">DLC</subfield>
    <subfield code="a">FU</subfield>
    <subfield code="a">IU</subfield>
    <subfield code="a">MH-EA</subfield>
    <subfield code="a">MH-HY</subfield>
    <subfield code="a">MiU</subfield>
    <subfield code="a">N</subfield>
    <subfield code="a">NN</subfield>
    <subfield code="a">NcU</subfield>
    <subfield code="a">OCU</subfield>
    <subfield code="a">OkU</subfield>
    <subfield code="a">PPiU</subfield>
    <subfield code="a">ViW</subfield>
  </datafield>
  <datafield tag="859" ind1="4" ind2="1">
    <subfield code="u">http://bibpurl.oclc.org/web/81201</subfield>
    <subfield code="u">http://english.yonhapnews.co.kr/vantage/</subfield>
  </datafield>
  <datafield tag="853" ind1="2" ind2="0">
    <subfield code="8">1</subfield>
    <subfield code="a">v.</subfield>
    <subfield code="b">no.</subfield>
    <subfield code="u">07</subfield>
    <subfield code="v">r</subfield>
    <subfield code="i">(year)</subfield>
    <subfield code="j">(month)</subfield>
    <subfield code="x">05</subfield>
  </datafield>
  <datafield tag="863" ind1="4" ind2="1">
    <subfield code="8">1.1</subfield>
    <subfield code="a">1</subfield>
    <subfield code="i">1978</subfield>
    <subfield code="j">05</subfield>
  </datafield>
  <datafield tag="853" ind1="2" ind2="0">
    <subfield code="8">2</subfield>
    <subfield code="a">v.</subfield>
    <subfield code="b">no.</subfield>
    <subfield code="u">12</subfield>
    <subfield code="v">r</subfield>
    <subfield code="i">(year)</subfield>
    <subfield code="j">(month)</subfield>
    <subfield code="x">01</subfield>
  </datafield>
  <datafield tag="863" ind1="4" ind2="1">
    <subfield code="8">2.1</subfield>
    <subfield code="a">&lt;2&gt;</subfield>
    <subfield code="i">&lt;1979&gt;</subfield>
  </datafield>
  <datafield tag="890" ind1=" " ind2=" ">
    <subfield code="a">Vantage point.  (Naewoe Press) Seoul, Korea.</subfield>
    <subfield code="i">80-647606</subfield>
  </datafield>
  <datafield tag="906" ind1=" " ind2=" ">
    <subfield code="a">7</subfield>
    <subfield code="b">cbc</subfield>
    <subfield code="c">serials</subfield>
    <subfield code="d">4</subfield>
    <subfield code="e">ncip</subfield>
    <subfield code="f">19</subfield>
    <subfield code="g">n-oclcserc</subfield>
  </datafield>
  <datafield tag="920" ind1=" " ind2=" ">
    <subfield code="a">Keep 1</subfield>
  </datafield>
  <datafield tag="984" ind1=" " ind2=" ">
    <subfield code="a">srvf</subfield>
    <subfield code="d">2002-01-15</subfield>
  </datafield>
  <datafield tag="991" ind1=" " ind2=" ">
    <subfield code="b">c-GenColl</subfield>
    <subfield code="h">DS930</subfield>
    <subfield code="i">.V35</subfield>
    <subfield code="w">SERIALS</subfield>
  </datafield>
  <datafield tag="991" ind1=" " ind2=" ">
    <subfield code="b">c-GenColl</subfield>
    <subfield code="h">DS930</subfield>
    <subfield code="i">.V35</subfield>
    <subfield code="p">00018759007</subfield>
    <subfield code="t">Copy 1</subfield>
    <subfield code="v">5:11 Nov * 8888</subfield>
    <subfield code="w">CCF</subfield>
  </datafield>
  <datafield tag="991" ind1=" " ind2=" ">
    <subfield code="b">c-GenColl</subfield>
    <subfield code="h">DS930</subfield>
    <subfield code="i">.V35</subfield>
    <subfield code="p">00019924890</subfield>
    <subfield code="t">Copy 1</subfield>
    <subfield code="v">9-12 * 8888</subfield>
    <subfield code="w">CCF</subfield>
  </datafield>
  <datafield tag="991" ind1=" " ind2=" ">
    <subfield code="b">c-Ser</subfield>
    <subfield code="w">ACQUIRE</subfield>
  </datafield>
  <datafield tag="992" ind1=" " ind2=" ">
    <subfield code="b">call x7-5305</subfield>
    <subfield code="w">SERLOC</subfield>
  </datafield>
  <datafield tag="992" ind1=" " ind2=" ">
    <subfield code="b">GENL COLL</subfield>
    <subfield code="w">ACQUIRE</subfield>
  </datafield>
</record>