
<record>
  <leader>01869cas a2200457 a 4500</leader>
  <controlfield tag="001">11300209</controlfield>
  <controlfield tag="005">20200101075649.0</controlfield>
  <controlfield tag="008">850408c19829999cc uu p       0   e0chi  </controlfield>
  <datafield tag="010" ind1=" " ind2=" ">
    <subfield code="a">   85645073 </subfield>
  </datafield>
  <datafield tag="035" ind1=" " ind2=" ">
    <subfield code="a">(OCoLC)ocm11890970 </subfield>
  </datafield>
  <datafield tag="037" ind1=" " ind2=" ">
    <subfield code="6">880-01</subfield>
    <subfield code="b">Xin hua shu dian, Hunan sheng, China</subfield>
  </datafield>
  <datafield tag="040" ind1=" " ind2=" ">
    <subfield code="a">DLC</subfield>
    <subfield code="b">eng</subfield>
    <subfield code="c">DLC</subfield>
    <subfield code="d">OCL</subfield>
    <subfield code="d">OCLCQ</subfield>
    <subfield code="d">OCLCG</subfield>
    <subfield code="d">OCLCQ</subfield>
    <subfield code="d">OCLCO</subfield>
    <subfield code="d">OCLCA</subfield>
    <subfield code="d">CSF</subfield>
    <subfield code="d">OCLCQ</subfield>
    <subfield code="d">OCLCF</subfield>
  </datafield>
  <datafield tag="042" ind1=" " ind2=" ">
    <subfield code="a">pcc</subfield>
  </datafield>
  <datafield tag="050" ind1="0" ind2="0">
    <subfield code="a">DS778.M3</subfield>
    <subfield code="b">M3327</subfield>
  </datafield>
  <datafield tag="066" ind1=" " ind2=" ">
    <subfield code="c">$1</subfield>
  </datafield>
  <datafield tag="082" ind1="0" ind2=" ">
    <subfield code="a">700/.1/03</subfield>
    <subfield code="2">19</subfield>
  </datafield>
  <datafield tag="245" ind1="0" ind2="0">
    <subfield code="6">880-02</subfield>
    <subfield code="a">Mao Zedong wen yi si xiang yan jiu /</subfield>
    <subfield code="c">Quan guo Mao Zedong wen yi si xiang yan jiu hui bian.</subfield>
  </datafield>
  <datafield tag="260" ind1=" " ind2=" ">
    <subfield code="6">880-03</subfield>
    <subfield code="a">Changsha :</subfield>
    <subfield code="b">Hunan ren min chu ban she,</subfield>
    <subfield code="c">1982-</subfield>
  </datafield>
  <datafield tag="300" ind1=" " ind2=" ">
    <subfield code="a">volumes ;</subfield>
    <subfield code="c">21 cm</subfield>
  </datafield>
  <datafield tag="336" ind1=" " ind2=" ">
    <subfield code="a">text</subfield>
    <subfield code="b">txt</subfield>
    <subfield code="2">rdacontent</subfield>
  </datafield>
  <datafield tag="337" ind1=" " ind2=" ">
    <subfield code="a">unmediated</subfield>
    <subfield code="b">n</subfield>
    <subfield code="2">rdamedia</subfield>
  </datafield>
  <datafield tag="338" ind1=" " ind2=" ">
    <subfield code="a">volume</subfield>
    <subfield code="b">nc</subfield>
    <subfield code="2">rdacarrier</subfield>
  </datafield>
  <datafield tag="362" ind1="0" ind2=" ">
    <subfield code="a">1-</subfield>
  </datafield>
  <datafield tag="600" ind1="1" ind2="0">
    <subfield code="6">880-04</subfield>
    <subfield code="a">Mao, Zedong,</subfield>
    <subfield code="d">1893-1976</subfield>
    <subfield code="x">Views on art</subfield>
    <subfield code="x">Collected works.</subfield>
  </datafield>
  <datafield tag="600" ind1="1" ind2="4">
    <subfield code="6">880-05</subfield>
    <subfield code="a">Mao, Zedong,</subfield>
    <subfield code="d">1893-1976.</subfield>
  </datafield>
  <datafield tag="600" ind1="1" ind2="7">
    <subfield code="a">Mao, Zedong,</subfield>
    <subfield code="d">1893-1976.</subfield>
    <subfield code="2">fast</subfield>
    <subfield code="0">(OCoLC)fst00028307</subfield>
  </datafield>
  <datafield tag="650" ind1=" " ind2="0">
    <subfield code="a">Arts.</subfield>
  </datafield>
  <datafield tag="650" ind1=" " ind2="7">
    <subfield code="a">Arts.</subfield>
    <subfield code="2">fast</subfield>
    <subfield code="0">(OCoLC)fst00817721</subfield>
  </datafield>
  <datafield tag="710" ind1="2" ind2=" ">
    <subfield code="6">880-06</subfield>
    <subfield code="a">Quan guo Mao Zedong wen yi si xiang yan jiu hui.</subfield>
  </datafield>
  <datafield tag="776" ind1="0" ind2="8">
    <subfield code="i">Online version:</subfield>
    <subfield code="t">Mao Zedong wen yi si xiang yan jiu</subfield>
    <subfield code="w">(OCoLC)1086265245</subfield>
  </datafield>
  <datafield tag="850" ind1=" " ind2=" ">
    <subfield code="a">DLC</subfield>
  </datafield>
  <datafield tag="880" ind1=" " ind2=" ">
    <subfield code="6">037-01/$1</subfield>
    <subfield code="b">新華書店, 湖南省, China</subfield>
  </datafield>
  <datafield tag="880" ind1="0" ind2="0">
    <subfield code="6">245-02/$1</subfield>
    <subfield code="a">毛澤东文藝思想硏究 /</subfield>
    <subfield code="c">全国毛泽东文艺思想研究会编.</subfield>
  </datafield>
  <datafield tag="880" ind1=" " ind2=" ">
    <subfield code="6">260-03/$1</subfield>
    <subfield code="a">长沙 :</subfield>
    <subfield code="b">湖南人民出版社,</subfield>
    <subfield code="c">1982-</subfield>
  </datafield>
  <datafield tag="880" ind1="1" ind2="4">
    <subfield code="6">600-04/$1</subfield>
    <subfield code="a">毛澤东,</subfield>
    <subfield code="d">1893-1976</subfield>
    <subfield code="x">Views on art</subfield>
    <subfield code="x">Collected works.</subfield>
  </datafield>
  <datafield tag="880" ind1="1" ind2="4">
    <subfield code="6">600-05/$1</subfield>
    <subfield code="a">毛泽东,</subfield>
    <subfield code="d">1893-1976.</subfield>
  </datafield>
  <datafield tag="880" ind1="2" ind2=" ">
    <subfield code="6">710-06/$1</subfield>
    <subfield code="a">全国毛泽东文艺思想研究会.</subfield>
  </datafield>
  <datafield tag="890" ind1=" " ind2=" ">
    <subfield code="a">Mao Tse-tung wen i ssu hsiang yen chiu.</subfield>
  </datafield>
  <datafield tag="906" ind1=" " ind2=" ">
    <subfield code="a">7</subfield>
    <subfield code="b">cbc</subfield>
    <subfield code="c">serials</subfield>
    <subfield code="d">3</subfield>
    <subfield code="e">ncip</subfield>
    <subfield code="f">19</subfield>
    <subfield code="g">n-oclcserc</subfield>
  </datafield>
  <datafield tag="984" ind1=" " ind2=" ">
    <subfield code="a">adsf</subfield>
    <subfield code="d">2007-10-04</subfield>
  </datafield>
  <datafield tag="991" ind1=" " ind2=" ">
    <subfield code="b">c-Asian</subfield>
    <subfield code="h">DS778.M3</subfield>
    <subfield code="i">M3327</subfield>
    <subfield code="m">China</subfield>
    <subfield code="w">SERIALS</subfield>
  </datafield>
</record>