
<record>
  <leader>04620cas a2200961 a 4500</leader>
  <controlfield tag="001">11356892</controlfield>
  <controlfield tag="005">20200101075648.0</controlfield>
  <controlfield tag="008">840504d18681992sw  x m      f0   b0eng c</controlfield>
  <datafield tag="010" ind1=" " ind2=" ">
    <subfield code="a">   89642991 </subfield>
  </datafield>
  <datafield tag="016" ind1="7" ind2=" ">
    <subfield code="a">136527-7</subfield>
    <subfield code="2">DE-600</subfield>
  </datafield>
  <datafield tag="016" ind1="7" ind2=" ">
    <subfield code="a">008212080</subfield>
    <subfield code="2">Uk</subfield>
  </datafield>
  <datafield tag="022" ind1=" " ind2=" ">
    <subfield code="a">0082-0024</subfield>
    <subfield code="l">0082-0024</subfield>
    <subfield code="z">0370-9930</subfield>
    <subfield code="2">f</subfield>
  </datafield>
  <datafield tag="035" ind1=" " ind2=" ">
    <subfield code="a">(OCoLC)ocm10691212 </subfield>
  </datafield>
  <datafield tag="040" ind1=" " ind2=" ">
    <subfield code="a">MYG</subfield>
    <subfield code="b">eng</subfield>
    <subfield code="c">MYG</subfield>
    <subfield code="d">DLC</subfield>
    <subfield code="d">OCL</subfield>
    <subfield code="d">DLC</subfield>
    <subfield code="d">NSD</subfield>
    <subfield code="d">NST</subfield>
    <subfield code="d">NYG</subfield>
    <subfield code="d">GUA</subfield>
    <subfield code="d">WAU</subfield>
    <subfield code="d">OCL</subfield>
    <subfield code="d">OCLCQ</subfield>
    <subfield code="d">DLC</subfield>
    <subfield code="d">NLGGC</subfield>
    <subfield code="d">OCLCQ</subfield>
    <subfield code="d">HEBIS</subfield>
    <subfield code="d">OCLCQ</subfield>
    <subfield code="d">OCLCF</subfield>
    <subfield code="d">IUL</subfield>
    <subfield code="d">AU@</subfield>
    <subfield code="d">OCL</subfield>
    <subfield code="d">CGU</subfield>
    <subfield code="d">OCLCA</subfield>
    <subfield code="d">OCLCQ</subfield>
    <subfield code="d">UKMGB</subfield>
  </datafield>
  <datafield tag="041" ind1="0" ind2=" ">
    <subfield code="a">eng</subfield>
    <subfield code="a">ger</subfield>
    <subfield code="a">swe</subfield>
  </datafield>
  <datafield tag="042" ind1=" " ind2=" ">
    <subfield code="a">pcc</subfield>
    <subfield code="a">nsdp</subfield>
  </datafield>
  <datafield tag="043" ind1=" " ind2=" ">
    <subfield code="a">e-sw---</subfield>
  </datafield>
  <datafield tag="050" ind1="0" ind2="0">
    <subfield code="a">QE282</subfield>
    <subfield code="b">.A3</subfield>
  </datafield>
  <datafield tag="210" ind1="0" ind2=" ">
    <subfield code="a">Sver. geol. unders., Ser. C Avhandl. upps.</subfield>
  </datafield>
  <datafield tag="222" ind1=" " ind2="0">
    <subfield code="a">Sveriges geologiska undersökning. Serie C, Avhandlingar och uppsatser</subfield>
  </datafield>
  <datafield tag="245" ind1="0" ind2="0">
    <subfield code="a">Ser. C--Avhandlingar och uppsatser /</subfield>
    <subfield code="c">Sveriges geologiska undersökning.</subfield>
  </datafield>
  <datafield tag="246" ind1="1" ind2=" ">
    <subfield code="i">Issues for 1975-1992 have title:</subfield>
    <subfield code="a">Serie C--Avhandlingar och uppsatser</subfield>
  </datafield>
  <datafield tag="246" ind1="3" ind2="0">
    <subfield code="a">Avhandlingar och uppsatser</subfield>
  </datafield>
  <datafield tag="246" ind1="3" ind2=" ">
    <subfield code="a">Ser. C--Afhandlingar och uppsatser</subfield>
    <subfield code="f">1868-1913</subfield>
  </datafield>
  <datafield tag="246" ind1="1" ind2="3">
    <subfield code="a">Research papers</subfield>
  </datafield>
  <datafield tag="249" ind1="0" ind2=" ">
    <subfield code="i">ACQUIRE Title:</subfield>
    <subfield code="a">Ser. C--Avhandlingar och uppsatser / Sveriges geologiska undersökning</subfield>
  </datafield>
  <datafield tag="260" ind1=" " ind2=" ">
    <subfield code="a">Stockholm :</subfield>
    <subfield code="b">P.A. Norstedt &amp; söner,</subfield>
    <subfield code="c">-1992.</subfield>
  </datafield>
  <datafield tag="300" ind1=" " ind2=" ">
    <subfield code="a">volumes :</subfield>
    <subfield code="b">illustrations ;</subfield>
    <subfield code="c">24 cm</subfield>
  </datafield>
  <datafield tag="310" ind1=" " ind2=" ">
    <subfield code="a">Irregular</subfield>
  </datafield>
  <datafield tag="336" ind1=" " ind2=" ">
    <subfield code="a">text</subfield>
    <subfield code="b">txt</subfield>
    <subfield code="2">rdacontent</subfield>
  </datafield>
  <datafield tag="337" ind1=" " ind2=" ">
    <subfield code="a">unmediated</subfield>
    <subfield code="b">n</subfield>
    <subfield code="2">rdamedia</subfield>
  </datafield>
  <datafield tag="338" ind1=" " ind2=" ">
    <subfield code="a">volume</subfield>
    <subfield code="b">nc</subfield>
    <subfield code="2">rdacarrier</subfield>
  </datafield>
  <datafield tag="362" ind1="1" ind2=" ">
    <subfield code="a">Began with nr. 1 in 1868.</subfield>
  </datafield>
  <datafield tag="362" ind1="0" ind2=" ">
    <subfield code="a">-nr 825 (1992).</subfield>
  </datafield>
  <datafield tag="500" ind1=" " ind2=" ">
    <subfield code="a">Part of illustrative material is folded, part colored (part in pockets).</subfield>
  </datafield>
  <datafield tag="500" ind1=" " ind2=" ">
    <subfield code="a">Issues for 1907- also called Årsbok 1-</subfield>
  </datafield>
  <datafield tag="504" ind1=" " ind2=" ">
    <subfield code="a">Includes bibliographical references.</subfield>
  </datafield>
  <datafield tag="515" ind1=" " ind2=" ">
    <subfield code="a">[Nr.] 823, published 1993, has later title: SGU series C. Research papers.</subfield>
  </datafield>
  <datafield tag="546" ind1=" " ind2=" ">
    <subfield code="a">In English, German, and Swedish.</subfield>
  </datafield>
  <datafield tag="588" ind1=" " ind2=" ">
    <subfield code="a">Description based on: N:o 334, published in 1925.</subfield>
  </datafield>
  <datafield tag="590" ind1=" " ind2=" ">
    <subfield code="a">SERBIB/SERLOC merged record</subfield>
  </datafield>
  <datafield tag="592" ind1=" " ind2=" ">
    <subfield code="a">ACQN: aq 96004835</subfield>
  </datafield>
  <datafield tag="592" ind1=" " ind2=" ">
    <subfield code="a">Rec&apos;d 1989-1990, 1992-1993;</subfield>
  </datafield>
  <datafield tag="650" ind1=" " ind2="0">
    <subfield code="a">Geology</subfield>
    <subfield code="z">Sweden.</subfield>
  </datafield>
  <datafield tag="650" ind1=" " ind2="7">
    <subfield code="a">Geology.</subfield>
    <subfield code="2">fast</subfield>
    <subfield code="0">(OCoLC)fst00940627</subfield>
  </datafield>
  <datafield tag="651" ind1=" " ind2="7">
    <subfield code="a">Sweden.</subfield>
    <subfield code="2">fast</subfield>
    <subfield code="0">(OCoLC)fst01204537</subfield>
  </datafield>
  <datafield tag="650" ind1="1" ind2="7">
    <subfield code="a">Geologie.</subfield>
    <subfield code="2">gtt</subfield>
  </datafield>
  <datafield tag="710" ind1="2" ind2=" ">
    <subfield code="a">Sveriges geologiska undersökning.</subfield>
  </datafield>
  <datafield tag="776" ind1="0" ind2="8">
    <subfield code="i">Online version:</subfield>
    <subfield code="t">Ser. C--Avhandlingar och uppsatser</subfield>
    <subfield code="x">0082-0024</subfield>
    <subfield code="w">(OCoLC)614847535</subfield>
  </datafield>
  <datafield tag="785" ind1="0" ind2="0">
    <subfield code="t">SGU series C. Research papers</subfield>
    <subfield code="x">1103-3371</subfield>
    <subfield code="w">(DLC)sn 99047328</subfield>
    <subfield code="w">(OCoLC)27763622</subfield>
  </datafield>
  <datafield tag="850" ind1=" " ind2=" ">
    <subfield code="a">CU-A</subfield>
    <subfield code="a">DLC</subfield>
    <subfield code="a">GU</subfield>
    <subfield code="a">N</subfield>
    <subfield code="a">NN</subfield>
  </datafield>
  <datafield tag="890" ind1=" " ind2=" ">
    <subfield code="a">Sweden.  Geologiska undersökning.  Series C.  Afhandlingar och uppsatser.</subfield>
    <subfield code="i">89-642991</subfield>
  </datafield>
  <datafield tag="906" ind1=" " ind2=" ">
    <subfield code="a">7</subfield>
    <subfield code="b">cbc</subfield>
    <subfield code="c">serials</subfield>
    <subfield code="d">4</subfield>
    <subfield code="e">ncip</subfield>
    <subfield code="f">19</subfield>
    <subfield code="g">n-oclcserc</subfield>
  </datafield>
  <datafield tag="920" ind1=" " ind2=" ">
    <subfield code="a">Keep 1</subfield>
  </datafield>
  <datafield tag="991" ind1=" " ind2=" ">
    <subfield code="b">c-GenColl</subfield>
    <subfield code="h">QE282</subfield>
    <subfield code="i">.A3</subfield>
    <subfield code="w">SERIALS</subfield>
  </datafield>
  <datafield tag="991" ind1=" " ind2=" ">
    <subfield code="b">c-GenColl</subfield>
    <subfield code="h">QE282</subfield>
    <subfield code="i">.A3</subfield>
    <subfield code="p">00054004692</subfield>
    <subfield code="t">Copy 1</subfield>
    <subfield code="v">* 1882 -8450-63</subfield>
    <subfield code="w">CCF</subfield>
  </datafield>
  <datafield tag="991" ind1=" " ind2=" ">
    <subfield code="b">c-GenColl</subfield>
    <subfield code="h">QE282</subfield>
    <subfield code="i">.A3</subfield>
    <subfield code="p">00054004722</subfield>
    <subfield code="t">Copy 1</subfield>
    <subfield code="v">64-77 * 1884 -85</subfield>
    <subfield code="w">CCF</subfield>
  </datafield>
  <datafield tag="991" ind1=" " ind2=" ">
    <subfield code="b">c-GenColl</subfield>
    <subfield code="h">QE282</subfield>
    <subfield code="i">.A3</subfield>
    <subfield code="p">00054004308</subfield>
    <subfield code="t">Copy 1</subfield>
    <subfield code="v">86-111 * 1887 -90</subfield>
    <subfield code="w">CCF</subfield>
  </datafield>
  <datafield tag="991" ind1=" " ind2=" ">
    <subfield code="b">c-GenColl</subfield>
    <subfield code="h">QE282</subfield>
    <subfield code="i">.A3</subfield>
    <subfield code="p">00054004758</subfield>
    <subfield code="t">Copy 1</subfield>
    <subfield code="v">113-119</subfield>
    <subfield code="w">CCF</subfield>
  </datafield>
  <datafield tag="991" ind1=" " ind2=" ">
    <subfield code="b">c-GenColl</subfield>
    <subfield code="h">QE282</subfield>
    <subfield code="i">.A3</subfield>
    <subfield code="p">00054004710</subfield>
    <subfield code="t">Copy 1</subfield>
    <subfield code="v">121-130</subfield>
    <subfield code="w">CCF</subfield>
  </datafield>
  <datafield tag="991" ind1=" " ind2=" ">
    <subfield code="b">c-GenColl</subfield>
    <subfield code="h">QE282</subfield>
    <subfield code="i">.A3</subfield>
    <subfield code="p">00054004795</subfield>
    <subfield code="t">Copy 1</subfield>
    <subfield code="v">132-139</subfield>
    <subfield code="w">CCF</subfield>
  </datafield>
  <datafield tag="991" ind1=" " ind2=" ">
    <subfield code="b">c-GenColl</subfield>
    <subfield code="h">QE282</subfield>
    <subfield code="i">.A3</subfield>
    <subfield code="p">00054004059</subfield>
    <subfield code="t">Copy 1</subfield>
    <subfield code="v">140-145</subfield>
    <subfield code="w">CCF</subfield>
  </datafield>
  <datafield tag="991" ind1=" " ind2=" ">
    <subfield code="b">c-GenColl</subfield>
    <subfield code="h">QE282</subfield>
    <subfield code="i">.A3</subfield>
    <subfield code="p">00054004011</subfield>
    <subfield code="t">Copy 1</subfield>
    <subfield code="v">146-151</subfield>
    <subfield code="w">CCF</subfield>
  </datafield>
  <datafield tag="991" ind1=" " ind2=" ">
    <subfield code="b">c-GenColl</subfield>
    <subfield code="h">QE282</subfield>
    <subfield code="i">.A3</subfield>
    <subfield code="p">00054004345</subfield>
    <subfield code="t">Copy 1</subfield>
    <subfield code="v">153-157</subfield>
    <subfield code="w">CCF</subfield>
  </datafield>
  <datafield tag="991" ind1=" " ind2=" ">
    <subfield code="b">c-GenColl</subfield>
    <subfield code="h">QE282</subfield>
    <subfield code="i">.A3</subfield>
    <subfield code="p">00054004382</subfield>
    <subfield code="t">Copy 1</subfield>
    <subfield code="v">161-167</subfield>
    <subfield code="w">CCF</subfield>
  </datafield>
  <datafield tag="991" ind1=" " ind2=" ">
    <subfield code="b">c-GenColl</subfield>
    <subfield code="h">QE282</subfield>
    <subfield code="i">.A3</subfield>
    <subfield code="p">00050743305</subfield>
    <subfield code="t">Copy 1</subfield>
    <subfield code="v">169-171</subfield>
    <subfield code="w">CCF</subfield>
  </datafield>
  <datafield tag="991" ind1=" " ind2=" ">
    <subfield code="b">c-GenColl</subfield>
    <subfield code="h">QE282</subfield>
    <subfield code="i">.A3</subfield>
    <subfield code="p">0005400459A</subfield>
    <subfield code="t">Copy 1</subfield>
    <subfield code="v">184-193</subfield>
    <subfield code="w">CCF</subfield>
  </datafield>
  <datafield tag="991" ind1=" " ind2=" ">
    <subfield code="b">c-GenColl</subfield>
    <subfield code="h">QE282</subfield>
    <subfield code="i">.A3</subfield>
    <subfield code="p">00054004631</subfield>
    <subfield code="t">Copy 1</subfield>
    <subfield code="v">376-380</subfield>
    <subfield code="w">CCF</subfield>
  </datafield>
  <datafield tag="991" ind1=" " ind2=" ">
    <subfield code="b">c-GenColl</subfield>
    <subfield code="h">QE282</subfield>
    <subfield code="i">.A3</subfield>
    <subfield code="p">00054004679</subfield>
    <subfield code="t">Copy 1</subfield>
    <subfield code="v">394-404</subfield>
    <subfield code="w">CCF</subfield>
  </datafield>
  <datafield tag="991" ind1=" " ind2=" ">
    <subfield code="b">c-GenColl</subfield>
    <subfield code="h">QE282</subfield>
    <subfield code="i">.A3</subfield>
    <subfield code="p">00054004552</subfield>
    <subfield code="t">Copy 1</subfield>
    <subfield code="v">468-476</subfield>
    <subfield code="w">CCF</subfield>
  </datafield>
  <datafield tag="991" ind1=" " ind2=" ">
    <subfield code="b">c-GenColl</subfield>
    <subfield code="h">QE282</subfield>
    <subfield code="i">.A3</subfield>
    <subfield code="p">00054004515</subfield>
    <subfield code="t">Copy 1</subfield>
    <subfield code="v">482-491</subfield>
    <subfield code="w">CCF</subfield>
  </datafield>
  <datafield tag="991" ind1=" " ind2=" ">
    <subfield code="b">c-GenColl</subfield>
    <subfield code="h">QE282</subfield>
    <subfield code="i">.A3</subfield>
    <subfield code="p">00054004424</subfield>
    <subfield code="t">Copy 1</subfield>
    <subfield code="v">492-502</subfield>
    <subfield code="w">CCF</subfield>
  </datafield>
  <datafield tag="991" ind1=" " ind2=" ">
    <subfield code="b">c-GenColl</subfield>
    <subfield code="h">QE282</subfield>
    <subfield code="i">.A3</subfield>
    <subfield code="p">00054004473</subfield>
    <subfield code="t">Copy 1</subfield>
    <subfield code="v">503-514</subfield>
    <subfield code="w">CCF</subfield>
  </datafield>
  <datafield tag="991" ind1=" " ind2=" ">
    <subfield code="b">c-GenColl</subfield>
    <subfield code="h">QE282</subfield>
    <subfield code="i">.A3</subfield>
    <subfield code="p">00054004436</subfield>
    <subfield code="t">Copy 1</subfield>
    <subfield code="v">563-579</subfield>
    <subfield code="w">CCF</subfield>
  </datafield>
  <datafield tag="991" ind1=" " ind2=" ">
    <subfield code="b">c-GenColl</subfield>
    <subfield code="h">QE282</subfield>
    <subfield code="i">.A3</subfield>
    <subfield code="p">00054004461</subfield>
    <subfield code="t">Copy 1</subfield>
    <subfield code="v">600-604</subfield>
    <subfield code="w">CCF</subfield>
  </datafield>
  <datafield tag="991" ind1=" " ind2=" ">
    <subfield code="b">c-GenColl</subfield>
    <subfield code="h">QE282</subfield>
    <subfield code="i">.A3</subfield>
    <subfield code="p">00054004540</subfield>
    <subfield code="t">Copy 1</subfield>
    <subfield code="v">605-617</subfield>
    <subfield code="w">CCF</subfield>
  </datafield>
  <datafield tag="991" ind1=" " ind2=" ">
    <subfield code="b">c-GenColl</subfield>
    <subfield code="h">QE282</subfield>
    <subfield code="i">.A3</subfield>
    <subfield code="p">0005400462A</subfield>
    <subfield code="t">Copy 1</subfield>
    <subfield code="v">618-629</subfield>
    <subfield code="w">CCF</subfield>
  </datafield>
  <datafield tag="991" ind1=" " ind2=" ">
    <subfield code="b">c-GenColl</subfield>
    <subfield code="h">QE282</subfield>
    <subfield code="i">.A3</subfield>
    <subfield code="p">00054004503</subfield>
    <subfield code="t">Copy 1</subfield>
    <subfield code="v">630-636</subfield>
    <subfield code="w">CCF</subfield>
  </datafield>
  <datafield tag="991" ind1=" " ind2=" ">
    <subfield code="b">c-GenColl</subfield>
    <subfield code="h">QE282</subfield>
    <subfield code="i">.A3</subfield>
    <subfield code="p">00054004588</subfield>
    <subfield code="t">Copy 1</subfield>
    <subfield code="v">642-648</subfield>
    <subfield code="w">CCF</subfield>
  </datafield>
  <datafield tag="991" ind1=" " ind2=" ">
    <subfield code="b">c-GenColl</subfield>
    <subfield code="h">QE282</subfield>
    <subfield code="i">.A3</subfield>
    <subfield code="p">00054004680</subfield>
    <subfield code="t">Copy 1</subfield>
    <subfield code="v">78-84</subfield>
    <subfield code="w">CCF</subfield>
  </datafield>
  <datafield tag="991" ind1=" " ind2=" ">
    <subfield code="b">c-Ser</subfield>
    <subfield code="w">ACQUIRE</subfield>
  </datafield>
  <datafield tag="992" ind1=" " ind2=" ">
    <subfield code="b">EMPTY</subfield>
    <subfield code="w">ACQUIRE</subfield>
  </datafield>
  <datafield tag="992" ind1=" " ind2=" ">
    <subfield code="b">call x7-5305</subfield>
    <subfield code="w">SERLOC</subfield>
  </datafield>
</record>