
<record>
  <leader>02462cas a2200565 a 4500</leader>
  <controlfield tag="001">11501382</controlfield>
  <controlfield tag="005">20200101075649.0</controlfield>
  <controlfield tag="008">850211d19841995fi ar     s  f0    0eng c</controlfield>
  <datafield tag="010" ind1=" " ind2=" ">
    <subfield code="a">   98651398 </subfield>
    <subfield code="z">sn 85021852 </subfield>
  </datafield>
  <datafield tag="016" ind1="7" ind2=" ">
    <subfield code="a">015407794</subfield>
    <subfield code="2">Uk</subfield>
  </datafield>
  <datafield tag="022" ind1=" " ind2=" ">
    <subfield code="y">0430-5221</subfield>
  </datafield>
  <datafield tag="035" ind1=" " ind2=" ">
    <subfield code="a">(OCoLC)ocm11680883 </subfield>
  </datafield>
  <datafield tag="040" ind1=" " ind2=" ">
    <subfield code="a">FXG</subfield>
    <subfield code="b">eng</subfield>
    <subfield code="c">FXG</subfield>
    <subfield code="d">IUL</subfield>
    <subfield code="d">OCL</subfield>
    <subfield code="d">FUG</subfield>
    <subfield code="d">NST</subfield>
    <subfield code="d">AGL</subfield>
    <subfield code="d">DLC</subfield>
    <subfield code="d">ZCU</subfield>
    <subfield code="d">IUL</subfield>
    <subfield code="d">CLU</subfield>
    <subfield code="d">OCLCQ</subfield>
    <subfield code="d">OCLCF</subfield>
    <subfield code="d">OCLCO</subfield>
    <subfield code="d">GILDS</subfield>
    <subfield code="d">OCLCO</subfield>
    <subfield code="d">OCLCA</subfield>
    <subfield code="d">UKMGB</subfield>
    <subfield code="d">OCLCQ</subfield>
    <subfield code="d">ZAP</subfield>
    <subfield code="d">OCLCO</subfield>
  </datafield>
  <datafield tag="042" ind1=" " ind2=" ">
    <subfield code="a">pcc</subfield>
  </datafield>
  <datafield tag="043" ind1=" " ind2=" ">
    <subfield code="a">e-fi---</subfield>
  </datafield>
  <datafield tag="050" ind1="0" ind2="0">
    <subfield code="a">HC337.F5</subfield>
    <subfield code="b">E26</subfield>
  </datafield>
  <datafield tag="070" ind1="0" ind2=" ">
    <subfield code="a">HC340.2.A1E6</subfield>
  </datafield>
  <datafield tag="072" ind1=" " ind2="0">
    <subfield code="a">E100</subfield>
  </datafield>
  <datafield tag="072" ind1=" " ind2="0">
    <subfield code="a">X700</subfield>
  </datafield>
  <datafield tag="130" ind1="0" ind2=" ">
    <subfield code="a">Taloudellinen katsaus.</subfield>
    <subfield code="l">English.</subfield>
  </datafield>
  <datafield tag="245" ind1="1" ind2="0">
    <subfield code="a">Economic survey ... Finland.</subfield>
  </datafield>
  <datafield tag="260" ind1=" " ind2=" ">
    <subfield code="a">Helsinki :</subfield>
    <subfield code="b">Economics Dept., Ministry of Finance,</subfield>
    <subfield code="c">1984-[1995]</subfield>
  </datafield>
  <datafield tag="300" ind1=" " ind2=" ">
    <subfield code="a">12 volumes :</subfield>
    <subfield code="b">illustrations ;</subfield>
    <subfield code="c">25 cm</subfield>
  </datafield>
  <datafield tag="310" ind1=" " ind2=" ">
    <subfield code="a">Annual</subfield>
  </datafield>
  <datafield tag="336" ind1=" " ind2=" ">
    <subfield code="a">text</subfield>
    <subfield code="b">txt</subfield>
    <subfield code="2">rdacontent</subfield>
  </datafield>
  <datafield tag="337" ind1=" " ind2=" ">
    <subfield code="a">unmediated</subfield>
    <subfield code="b">n</subfield>
    <subfield code="2">rdamedia</subfield>
  </datafield>
  <datafield tag="338" ind1=" " ind2=" ">
    <subfield code="a">volume</subfield>
    <subfield code="b">nc</subfield>
    <subfield code="2">rdacarrier</subfield>
  </datafield>
  <datafield tag="362" ind1="0" ind2=" ">
    <subfield code="a">1984-1995.</subfield>
  </datafield>
  <datafield tag="525" ind1=" " ind2=" ">
    <subfield code="a">Supplement to the budget proposal submitted by the Government to Parliament.</subfield>
  </datafield>
  <datafield tag="580" ind1=" " ind2=" ">
    <subfield code="a">English abridgement of a publication originally issued in Finnish and Swedish.</subfield>
  </datafield>
  <datafield tag="651" ind1=" " ind2="0">
    <subfield code="a">Finland</subfield>
    <subfield code="x">Economic conditions</subfield>
    <subfield code="v">Statistics</subfield>
    <subfield code="v">Periodicals.</subfield>
  </datafield>
  <datafield tag="650" ind1=" " ind2="0">
    <subfield code="a">Economic forecasting</subfield>
    <subfield code="z">Finland</subfield>
    <subfield code="v">Statistics</subfield>
    <subfield code="v">Periodicals.</subfield>
  </datafield>
  <datafield tag="650" ind1=" " ind2="7">
    <subfield code="a">Economic forecasting.</subfield>
    <subfield code="2">fast</subfield>
    <subfield code="0">(OCoLC)fst00901942</subfield>
  </datafield>
  <datafield tag="650" ind1=" " ind2="7">
    <subfield code="a">Economic history.</subfield>
    <subfield code="2">fast</subfield>
    <subfield code="0">(OCoLC)fst00901974</subfield>
  </datafield>
  <datafield tag="651" ind1=" " ind2="7">
    <subfield code="a">Finland.</subfield>
    <subfield code="2">fast</subfield>
    <subfield code="0">(OCoLC)fst01205503</subfield>
  </datafield>
  <datafield tag="655" ind1=" " ind2="7">
    <subfield code="a">Periodicals.</subfield>
    <subfield code="2">fast</subfield>
    <subfield code="0">(OCoLC)fst01411641</subfield>
  </datafield>
  <datafield tag="655" ind1=" " ind2="7">
    <subfield code="a">Statistics.</subfield>
    <subfield code="2">fast</subfield>
    <subfield code="0">(OCoLC)fst01423727</subfield>
  </datafield>
  <datafield tag="655" ind1=" " ind2="7">
    <subfield code="a">Statistics.</subfield>
    <subfield code="2">lcgft</subfield>
  </datafield>
  <datafield tag="655" ind1=" " ind2="7">
    <subfield code="a">Periodicals.</subfield>
    <subfield code="2">lcgft</subfield>
  </datafield>
  <datafield tag="710" ind1="1" ind2=" ">
    <subfield code="a">Finland.</subfield>
    <subfield code="b">Kansantalousosasto.</subfield>
  </datafield>
  <datafield tag="765" ind1="1" ind2=" ">
    <subfield code="t">Taloudellinen katsaus</subfield>
    <subfield code="x">0071-5271</subfield>
    <subfield code="w">(DLC)   53026345</subfield>
    <subfield code="w">(OCoLC)2239130</subfield>
  </datafield>
  <datafield tag="772" ind1="1" ind2=" ">
    <subfield code="a">Finland. Valtiovarainministeriö.</subfield>
    <subfield code="t">Otteet Suomen valtion menoarviosta</subfield>
    <subfield code="w">(DLC)   50041356</subfield>
    <subfield code="w">(OCoLC)9909696</subfield>
  </datafield>
  <datafield tag="776" ind1="0" ind2="8">
    <subfield code="i">Online version:</subfield>
    <subfield code="t">Taloudellinen katsaus. English</subfield>
    <subfield code="w">(OCoLC)654200029</subfield>
  </datafield>
  <datafield tag="780" ind1="0" ind2="0">
    <subfield code="t">Taloudellinen katsaus. English. Economic survey</subfield>
    <subfield code="x">0430-5221</subfield>
    <subfield code="w">(DLC)   52020370</subfield>
    <subfield code="w">(OCoLC)7700207</subfield>
  </datafield>
  <datafield tag="785" ind1="0" ind2="0">
    <subfield code="t">Taloudellinen katsaus, syyskuu ... English. Economic survey, September ... Finland</subfield>
    <subfield code="w">(DLC)sn 98052289</subfield>
    <subfield code="w">(OCoLC)40393182</subfield>
  </datafield>
  <datafield tag="850" ind1=" " ind2=" ">
    <subfield code="a">CSt</subfield>
    <subfield code="a">DLC</subfield>
    <subfield code="a">DNAL</subfield>
    <subfield code="a">FU</subfield>
    <subfield code="a">GASU</subfield>
    <subfield code="a">InLP</subfield>
    <subfield code="a">InU</subfield>
    <subfield code="a">MiDW</subfield>
    <subfield code="a">NcRS</subfield>
    <subfield code="a">NNC</subfield>
    <subfield code="a">TxDaM</subfield>
    <subfield code="a">ViU</subfield>
  </datafield>
  <datafield tag="890" ind1=" " ind2=" ">
    <subfield code="a">Economic survey ... Finland.</subfield>
  </datafield>
  <datafield tag="906" ind1=" " ind2=" ">
    <subfield code="a">7</subfield>
    <subfield code="b">cbc</subfield>
    <subfield code="c">serials</subfield>
    <subfield code="d">u</subfield>
    <subfield code="e">ncip</subfield>
    <subfield code="f">19</subfield>
    <subfield code="g">n-oclcserc</subfield>
  </datafield>
  <datafield tag="920" ind1=" " ind2=" ">
    <subfield code="a">Keep 1</subfield>
  </datafield>
  <datafield tag="991" ind1=" " ind2=" ">
    <subfield code="b">c-GenColl</subfield>
    <subfield code="h">HC337.F5</subfield>
    <subfield code="i">E26</subfield>
    <subfield code="w">SERIALS</subfield>
  </datafield>
</record>