
<record>
  <leader>02631cas a2200625 a 4500</leader>
  <controlfield tag="001">11748534</controlfield>
  <controlfield tag="005">20200101075651.0</controlfield>
  <controlfield tag="008">941121d19682010ja qr p       0   d0jpn d</controlfield>
  <datafield tag="010" ind1=" " ind2=" ">
    <subfield code="a">  2004211429</subfield>
  </datafield>
  <datafield tag="022" ind1=" " ind2=" ">
    <subfield code="a">0910-8785</subfield>
    <subfield code="l">0910-8785</subfield>
  </datafield>
  <datafield tag="035" ind1=" " ind2=" ">
    <subfield code="a">(OCoLC)ocm31054536 </subfield>
  </datafield>
  <datafield tag="040" ind1=" " ind2=" ">
    <subfield code="a">YAM</subfield>
    <subfield code="b">eng</subfield>
    <subfield code="c">YAM</subfield>
    <subfield code="d">OCL</subfield>
    <subfield code="d">OCLCQ</subfield>
    <subfield code="d">DLC</subfield>
    <subfield code="d">OCLCQ</subfield>
    <subfield code="d">DLC</subfield>
    <subfield code="d">OCLCQ</subfield>
    <subfield code="d">CUY</subfield>
    <subfield code="d">OCLCO</subfield>
    <subfield code="d">OCLCA</subfield>
    <subfield code="d">OCLCF</subfield>
    <subfield code="d">OCLCO</subfield>
    <subfield code="d">OCLCQ</subfield>
    <subfield code="d">WY@</subfield>
  </datafield>
  <datafield tag="041" ind1="0" ind2=" ">
    <subfield code="a">jpn</subfield>
    <subfield code="a">eng</subfield>
  </datafield>
  <datafield tag="042" ind1=" " ind2=" ">
    <subfield code="a">lccopycat</subfield>
  </datafield>
  <datafield tag="043" ind1=" " ind2=" ">
    <subfield code="a">a-ja---</subfield>
  </datafield>
  <datafield tag="050" ind1="0" ind2="0">
    <subfield code="a">QL592.J3</subfield>
    <subfield code="b">K627</subfield>
  </datafield>
  <datafield tag="066" ind1=" " ind2=" ">
    <subfield code="c">$1</subfield>
  </datafield>
  <datafield tag="082" ind1="1" ind2="4">
    <subfield code="a">[E]</subfield>
  </datafield>
  <datafield tag="245" ind1="0" ind2="0">
    <subfield code="6">880-01</subfield>
    <subfield code="a">Kōchū nyūsu =</subfield>
    <subfield code="b">Coleopterists&apos; news.</subfield>
  </datafield>
  <datafield tag="246" ind1="3" ind2="1">
    <subfield code="a">Coleopterists&apos; news</subfield>
  </datafield>
  <datafield tag="260" ind1=" " ind2=" ">
    <subfield code="6">880-02</subfield>
    <subfield code="a">Tōkyō :</subfield>
    <subfield code="b">Nihon Shōshi Gakkai,</subfield>
    <subfield code="c">-2010.</subfield>
  </datafield>
  <datafield tag="300" ind1=" " ind2=" ">
    <subfield code="a">volumes :</subfield>
    <subfield code="b">illustrations ;</subfield>
    <subfield code="c">26 cm</subfield>
  </datafield>
  <datafield tag="310" ind1=" " ind2=" ">
    <subfield code="a">Quarterly</subfield>
  </datafield>
  <datafield tag="336" ind1=" " ind2=" ">
    <subfield code="a">text</subfield>
    <subfield code="b">txt</subfield>
    <subfield code="2">rdacontent</subfield>
  </datafield>
  <datafield tag="337" ind1=" " ind2=" ">
    <subfield code="a">unmediated</subfield>
    <subfield code="b">n</subfield>
    <subfield code="2">rdamedia</subfield>
  </datafield>
  <datafield tag="338" ind1=" " ind2=" ">
    <subfield code="a">volume</subfield>
    <subfield code="b">nc</subfield>
    <subfield code="2">rdacarrier</subfield>
  </datafield>
  <datafield tag="362" ind1="1" ind2=" ">
    <subfield code="a">Began with no. 1, published in 1968.</subfield>
  </datafield>
  <datafield tag="362" ind1="0" ind2=" ">
    <subfield code="a">-no. 172 (Dec. 2010).</subfield>
  </datafield>
  <datafield tag="546" ind1=" " ind2=" ">
    <subfield code="a">In Japanese, with summaries in English, &lt;June 2003-&gt;</subfield>
  </datafield>
  <datafield tag="580" ind1=" " ind2=" ">
    <subfield code="a">Merged with: Nejirebane, to form: Sayabane. Nyū shirīzu.</subfield>
  </datafield>
  <datafield tag="588" ind1=" " ind2=" ">
    <subfield code="a">Description based on: No. 85 (July 1989); title from caption.</subfield>
  </datafield>
  <datafield tag="650" ind1=" " ind2="0">
    <subfield code="a">Beetles</subfield>
    <subfield code="v">Periodicals.</subfield>
  </datafield>
  <datafield tag="650" ind1=" " ind2="0">
    <subfield code="a">Beetles</subfield>
    <subfield code="z">Japan</subfield>
    <subfield code="v">Periodicals.</subfield>
  </datafield>
  <datafield tag="650" ind1=" " ind2="0">
    <subfield code="a">Insects</subfield>
    <subfield code="z">Japan</subfield>
    <subfield code="v">Periodicals.</subfield>
  </datafield>
  <datafield tag="650" ind1=" " ind2="7">
    <subfield code="a">Beetles.</subfield>
    <subfield code="2">fast</subfield>
    <subfield code="0">(OCoLC)fst00829832</subfield>
  </datafield>
  <datafield tag="650" ind1=" " ind2="7">
    <subfield code="a">Insects.</subfield>
    <subfield code="2">fast</subfield>
    <subfield code="0">(OCoLC)fst00974074</subfield>
  </datafield>
  <datafield tag="651" ind1=" " ind2="7">
    <subfield code="a">Japan.</subfield>
    <subfield code="2">fast</subfield>
    <subfield code="0">(OCoLC)fst01204082</subfield>
  </datafield>
  <datafield tag="655" ind1=" " ind2="7">
    <subfield code="a">Periodicals.</subfield>
    <subfield code="2">fast</subfield>
    <subfield code="0">(OCoLC)fst01411641</subfield>
  </datafield>
  <datafield tag="710" ind1="2" ind2=" ">
    <subfield code="6">880-03</subfield>
    <subfield code="a">Nihon Shōshi Gakkai (Coleopteran society)</subfield>
  </datafield>
  <datafield tag="780" ind1="0" ind2="5">
    <subfield code="6">880-04</subfield>
    <subfield code="t">Sayabane</subfield>
    <subfield code="x">0387-5725</subfield>
    <subfield code="g">1989</subfield>
    <subfield code="w">(OCoLC)12952808</subfield>
  </datafield>
  <datafield tag="785" ind1="1" ind2="7">
    <subfield code="6">880-05</subfield>
    <subfield code="t">Nejirebane</subfield>
    <subfield code="x">1342-7911</subfield>
  </datafield>
  <datafield tag="785" ind1="1" ind2="7">
    <subfield code="6">880-06</subfield>
    <subfield code="t">Sayabane. Nyū shirīzu</subfield>
    <subfield code="x">2185-9787</subfield>
    <subfield code="w">(OCoLC)754931034</subfield>
  </datafield>
  <datafield tag="850" ind1=" " ind2=" ">
    <subfield code="a">DLC</subfield>
  </datafield>
  <datafield tag="859" ind1="4" ind2="1">
    <subfield code="3">Click for E-book</subfield>
    <subfield code="u">http://kochugakkai.sakura.ne.jp/archive/coleo-news.html</subfield>
  </datafield>
  <datafield tag="880" ind1="0" ind2="0">
    <subfield code="6">245-01/$1</subfield>
    <subfield code="a">甲虫二ュース =</subfield>
    <subfield code="b">Coleopterists&apos; news.</subfield>
  </datafield>
  <datafield tag="880" ind1=" " ind2=" ">
    <subfield code="6">260-02/$1</subfield>
    <subfield code="a">東京 :</subfield>
    <subfield code="b">日本鞘翅学会,</subfield>
    <subfield code="c">-2010.</subfield>
  </datafield>
  <datafield tag="880" ind1="2" ind2=" ">
    <subfield code="6">710-03/$1</subfield>
    <subfield code="a">日本鞘翅学会 (Coleopteran society)</subfield>
  </datafield>
  <datafield tag="880" ind1="0" ind2="5">
    <subfield code="6">780-04/$1</subfield>
    <subfield code="t">さやばね</subfield>
    <subfield code="x">0387-5725</subfield>
    <subfield code="g">1989</subfield>
    <subfield code="w">(OCoLC)12952808</subfield>
  </datafield>
  <datafield tag="880" ind1="1" ind2="7">
    <subfield code="6">785-05/$1</subfield>
    <subfield code="t">ねじればね</subfield>
    <subfield code="x">1342-7911</subfield>
  </datafield>
  <datafield tag="880" ind1="1" ind2="7">
    <subfield code="6">785-06/$1</subfield>
    <subfield code="t">さやばね. ニューシリーズ</subfield>
    <subfield code="x">2185-9787</subfield>
    <subfield code="w">(OCoLC)754931034</subfield>
  </datafield>
  <datafield tag="906" ind1=" " ind2=" ">
    <subfield code="a">7</subfield>
    <subfield code="b">cbc</subfield>
    <subfield code="c">serials</subfield>
    <subfield code="d">3</subfield>
    <subfield code="e">ncip</subfield>
    <subfield code="f">20</subfield>
    <subfield code="g">n-oclcserc</subfield>
  </datafield>
  <datafield tag="925" ind1="0" ind2=" ">
    <subfield code="a">acquire</subfield>
    <subfield code="b">1 shelf copy</subfield>
    <subfield code="x">policy default, TYS 2004-10-28</subfield>
  </datafield>
  <datafield tag="955" ind1=" " ind2=" ">
    <subfield code="a">md03 to SRD/CAT 2004-11-01</subfield>
    <subfield code="a">dd19 2004-11-16</subfield>
    <subfield code="i">dd19 2004-11-17</subfield>
    <subfield code="a">dd19 2004-12-09 to Shelflist</subfield>
    <subfield code="e">dd96 2004-12-20</subfield>
    <subfield code="g">dd96 2004-12-20 to ASIAN</subfield>
  </datafield>
  <datafield tag="991" ind1=" " ind2=" ">
    <subfield code="b">c-Ser</subfield>
    <subfield code="w">ACQUIRE</subfield>
  </datafield>
  <datafield tag="992" ind1=" " ind2=" ">
    <subfield code="b">EMPTY</subfield>
    <subfield code="w">ACQUIRE</subfield>
  </datafield>
</record>