
<record>
  <leader>02847ckm a22004697a 4500</leader>
  <controlfield tag="001">12162629</controlfield>
  <controlfield tag="005">20200101093220.0</controlfield>
  <controlfield tag="007">kd bo </controlfield>
  <controlfield tag="007">cr |||||||||||</controlfield>
  <controlfield tag="008">000901q19301931xxunnn            kneng  </controlfield>
  <datafield tag="906" ind1=" " ind2=" ">
    <subfield code="a">7</subfield>
    <subfield code="b">cbc</subfield>
    <subfield code="c">orignew</subfield>
    <subfield code="d">u</subfield>
    <subfield code="e">ncip</subfield>
    <subfield code="f">20</subfield>
    <subfield code="g">y-printpho</subfield>
  </datafield>
  <datafield tag="035" ind1=" " ind2=" ">
    <subfield code="a">(DLC)12162629</subfield>
  </datafield>
  <datafield tag="035" ind1=" " ind2=" ">
    <subfield code="a">(DLC)   00652175</subfield>
  </datafield>
  <datafield tag="010" ind1=" " ind2=" ">
    <subfield code="a">   00652175 </subfield>
  </datafield>
  <datafield tag="037" ind1=" " ind2=" ">
    <subfield code="a">LC-DIG-ppmsc-03390</subfield>
    <subfield code="b">DLC</subfield>
    <subfield code="c">(digital file from original drawing)</subfield>
  </datafield>
  <datafield tag="037" ind1=" " ind2=" ">
    <subfield code="a">LC-USZ62-127207</subfield>
    <subfield code="b">DLC</subfield>
    <subfield code="c">(b&amp;w film copy neg.)</subfield>
  </datafield>
  <datafield tag="040" ind1=" " ind2=" ">
    <subfield code="a">DLC</subfield>
    <subfield code="c">DLC</subfield>
    <subfield code="d">DLC</subfield>
    <subfield code="e">gihc</subfield>
  </datafield>
  <datafield tag="050" ind1="0" ind2="0">
    <subfield code="a">BLOCK,</subfield>
    <subfield code="b">no. 14304</subfield>
  </datafield>
  <datafield tag="100" ind1="1" ind2=" ">
    <subfield code="a">Block, Herbert,</subfield>
    <subfield code="d">1909-2001,</subfield>
    <subfield code="e">artist.</subfield>
  </datafield>
  <datafield tag="245" ind1="1" ind2="0">
    <subfield code="a">Well, everything helps</subfield>
    <subfield code="h">[graphic] /</subfield>
    <subfield code="c">Herblock.</subfield>
  </datafield>
  <datafield tag="260" ind1=" " ind2=" ">
    <subfield code="c">[1930 or 1931]</subfield>
  </datafield>
  <datafield tag="300" ind1=" " ind2=" ">
    <subfield code="a">1 drawing on layered paper :</subfield>
    <subfield code="b">ink over graphite underdrawing with scratching out ;</subfield>
    <subfield code="c">43 x 38 cm (sheet)</subfield>
  </datafield>
  <datafield tag="520" ind1="0" ind2=" ">
    <subfield code="a">Three panel editorial cartoon showing Herbert Hoover and two wealthy cronies headed for some fishing at Rapidan Camp; while they fish, Hoover studies his &quot;Economy Program&quot; which results in one of the cronies standing next to a table of &quot;Fresh Fish&quot; with the Capitol building in the background.</subfield>
  </datafield>
  <datafield tag="500" ind1=" " ind2=" ">
    <subfield code="a">Caption label from exhibit &quot;Herblock&apos;s History--Presidents&quot;: As the Depression tightened its hold on American life, avid angler President Herbert Hoover cast about for ways to improve the economy. He sometimes took working vacations at his fishing camp on the Rapidan River (now in Shenandoah National Park) with members of Congress and his administration.</subfield>
  </datafield>
  <datafield tag="540" ind1=" " ind2=" ">
    <subfield code="a">Publication may be restricted. For information see &quot;Herbert Block (&quot;Herblock&quot;) Rights and Restrictions,&quot;</subfield>
    <subfield code="u">http://www.loc.gov/rr/print/res/271_herb.html</subfield>
  </datafield>
  <datafield tag="500" ind1=" " ind2=" ">
    <subfield code="a">Published in the Chicago Daily News.</subfield>
  </datafield>
  <datafield tag="500" ind1=" " ind2=" ">
    <subfield code="a">Copyright renewed by Herblock.</subfield>
  </datafield>
  <datafield tag="580" ind1=" " ind2=" ">
    <subfield code="a">Forms part of: Herbert L. Block Collection (Library of Congress).</subfield>
  </datafield>
  <datafield tag="585" ind1=" " ind2=" ">
    <subfield code="a">Exhibited in: &quot;Herblock&apos;s History: Political Cartoons from the Crash to the Millennium&quot; at the Library of Congress, 2000-2001.</subfield>
  </datafield>
  <datafield tag="600" ind1="1" ind2="0">
    <subfield code="a">Hoover, Herbert,</subfield>
    <subfield code="d">1874-1964.</subfield>
  </datafield>
  <datafield tag="650" ind1=" " ind2="7">
    <subfield code="a">Economic policy</subfield>
    <subfield code="y">1930-1940.</subfield>
    <subfield code="2">lctgm</subfield>
  </datafield>
  <datafield tag="650" ind1=" " ind2="7">
    <subfield code="a">Depressions</subfield>
    <subfield code="y">1930-1940.</subfield>
    <subfield code="2">lctgm</subfield>
  </datafield>
  <datafield tag="650" ind1=" " ind2="7">
    <subfield code="a">Fishing</subfield>
    <subfield code="z">Virginia</subfield>
    <subfield code="z">Rapidan River</subfield>
    <subfield code="y">1930-1940.</subfield>
    <subfield code="2">lctgm</subfield>
  </datafield>
  <datafield tag="655" ind1=" " ind2="7">
    <subfield code="a">Editorial cartoons</subfield>
    <subfield code="y">1930-1940.</subfield>
    <subfield code="2">gmgpc</subfield>
  </datafield>
  <datafield tag="655" ind1=" " ind2="7">
    <subfield code="a">Ink drawings</subfield>
    <subfield code="y">1930-1940.</subfield>
    <subfield code="2">gmgpc</subfield>
  </datafield>
  <datafield tag="773" ind1="0" ind2=" ">
    <subfield code="a">Block, Herbert, 1909-2001.</subfield>
    <subfield code="t">Herbert L. Block collection (Library of Congress)</subfield>
    <subfield code="w">(DLC)  2009632507</subfield>
  </datafield>
  <datafield tag="852" ind1=" " ind2=" ">
    <subfield code="a">Library of Congress</subfield>
    <subfield code="b">Prints and Photographs Division</subfield>
    <subfield code="e">Washington, D.C. 20540 USA</subfield>
    <subfield code="n">dcu</subfield>
    <subfield code="u">http://hdl.loc.gov/loc.pnp/pp.print</subfield>
  </datafield>
  <datafield tag="856" ind1="4" ind2="1">
    <subfield code="3">digital file from original drawing</subfield>
    <subfield code="d">ppmsc</subfield>
    <subfield code="f">03390</subfield>
    <subfield code="q">p</subfield>
    <subfield code="u">http://hdl.loc.gov/loc.pnp/ppmsc.03390</subfield>
  </datafield>
  <datafield tag="856" ind1="4" ind2="1">
    <subfield code="3">digital file from b&amp;w film copy neg.</subfield>
    <subfield code="d">cph</subfield>
    <subfield code="f">3c27207</subfield>
    <subfield code="q">p</subfield>
    <subfield code="u">http://hdl.loc.gov/loc.pnp/cph.3c27207</subfield>
  </datafield>
  <datafield tag="985" ind1=" " ind2=" ">
    <subfield code="a">pp/hlb</subfield>
  </datafield>
  <datafield tag="985" ind1=" " ind2=" ">
    <subfield code="a">pp/exh</subfield>
    <subfield code="e">L4294</subfield>
  </datafield>
  <datafield tag="991" ind1=" " ind2=" ">
    <subfield code="b">c-P&amp;P</subfield>
    <subfield code="m">(C size)</subfield>
    <subfield code="v">obj.</subfield>
  </datafield>
</record>