
<record>
  <leader>03334ckm a22004817a 4500</leader>
  <controlfield tag="001">12163703</controlfield>
  <controlfield tag="005">20200101094537.0</controlfield>
  <controlfield tag="007">kd bo </controlfield>
  <controlfield tag="007">cr |||||||||||</controlfield>
  <controlfield tag="008">000905s1940    xxunnn            kneng  </controlfield>
  <datafield tag="906" ind1=" " ind2=" ">
    <subfield code="a">7</subfield>
    <subfield code="b">cbc</subfield>
    <subfield code="c">orignew</subfield>
    <subfield code="d">u</subfield>
    <subfield code="e">ncip</subfield>
    <subfield code="f">20</subfield>
    <subfield code="g">y-printpho</subfield>
  </datafield>
  <datafield tag="035" ind1=" " ind2=" ">
    <subfield code="a">(DLC)12163703</subfield>
  </datafield>
  <datafield tag="035" ind1=" " ind2=" ">
    <subfield code="a">(DLC)   00652183</subfield>
  </datafield>
  <datafield tag="010" ind1=" " ind2=" ">
    <subfield code="a">   00652183 </subfield>
  </datafield>
  <datafield tag="037" ind1=" " ind2=" ">
    <subfield code="a">LC-DIG-ppmsc-03403</subfield>
    <subfield code="b">DLC</subfield>
    <subfield code="c">(digital file from original drawing)</subfield>
  </datafield>
  <datafield tag="037" ind1=" " ind2=" ">
    <subfield code="a">LC-USZ62-127213</subfield>
    <subfield code="b">DLC</subfield>
    <subfield code="c">(b&amp;w film copy neg.)</subfield>
  </datafield>
  <datafield tag="040" ind1=" " ind2=" ">
    <subfield code="a">DLC</subfield>
    <subfield code="c">DLC</subfield>
    <subfield code="e">gihc</subfield>
  </datafield>
  <datafield tag="050" ind1="0" ind2="0">
    <subfield code="a">BLOCK,</subfield>
    <subfield code="b">no. 14312</subfield>
  </datafield>
  <datafield tag="100" ind1="1" ind2=" ">
    <subfield code="a">Block, Herbert,</subfield>
    <subfield code="d">1909-2001,</subfield>
    <subfield code="e">artist.</subfield>
  </datafield>
  <datafield tag="245" ind1="1" ind2="0">
    <subfield code="a">Story of the last seven years</subfield>
    <subfield code="h">[graphic] /</subfield>
    <subfield code="c">Herblock.</subfield>
  </datafield>
  <datafield tag="260" ind1=" " ind2=" ">
    <subfield code="c">c1940 May.</subfield>
  </datafield>
  <datafield tag="300" ind1=" " ind2=" ">
    <subfield code="a">1 drawing on layered paper :</subfield>
    <subfield code="b">ink, crayon, and opaque white over blue pencil underdrawing ;</subfield>
    <subfield code="c">56.3 x 39 cm (sheet)</subfield>
  </datafield>
  <datafield tag="520" ind1="0" ind2=" ">
    <subfield code="a">Eight panel editorial cartoon showing a man holding a newspaper and telling his wife that the rise of Hitler and the progress towards war are aberrations; he begins by telling her that &quot;now that he&apos;s chancellor the responsibility will have a restraining influence on him&quot; and concludes seven years later with &quot;the war will stay deadlocked and he&apos;ll be starved out.&quot; Throughout the eight panel strip, his wife&apos;s fashions keep abreast of the times.</subfield>
  </datafield>
  <datafield tag="500" ind1=" " ind2=" ">
    <subfield code="a">Caption label from exhibit &quot;Herblock&apos;s History--Another Dove&quot;: In the 1930s, the American public, recalling the losses of World War I, was loath to take seriously the menace posed by Hitler and his aggressive moves. Many Americans did not face up to the German threat even after the start of World War II when German troops overran much of Europe. Strong voices, including that of Charles Lindbergh, joined with &quot;America First&quot; organizations in asserting that the war was none of America&apos;s business; that England would fall anyhow; and that Hitler was not a menace. Through &quot;lend-lease&quot; and other measures Roosevelt aided England and increased American preparedness.</subfield>
  </datafield>
  <datafield tag="540" ind1=" " ind2=" ">
    <subfield code="a">Publication may be restricted. For information see &quot;Herbert Block (&quot;Herblock&quot;) Rights and Restrictions,&quot;</subfield>
    <subfield code="u">http://www.loc.gov/rr/print/res/271_herb.html</subfield>
  </datafield>
  <datafield tag="500" ind1=" " ind2=" ">
    <subfield code="a">Published by NEA Service, Inc.</subfield>
  </datafield>
  <datafield tag="500" ind1=" " ind2=" ">
    <subfield code="a">Copyright by NEA; renewed by Herblock.</subfield>
  </datafield>
  <datafield tag="580" ind1=" " ind2=" ">
    <subfield code="a">Forms part of: Herbert L. Block Collection (Library of Congress).</subfield>
  </datafield>
  <datafield tag="585" ind1=" " ind2=" ">
    <subfield code="a">Exhibited in: &quot;Herblock&apos;s History: Political Cartoons from the Crash to the Millennium&quot; at the Library of Congress, 2000-2001.</subfield>
  </datafield>
  <datafield tag="600" ind1="1" ind2="0">
    <subfield code="a">Hitler, Adolf,</subfield>
    <subfield code="d">1889-1945.</subfield>
  </datafield>
  <datafield tag="651" ind1=" " ind2="0">
    <subfield code="a">Germany</subfield>
    <subfield code="x">History</subfield>
    <subfield code="y">1933-1945.</subfield>
  </datafield>
  <datafield tag="650" ind1=" " ind2="0">
    <subfield code="a">World War, 1939-1945.</subfield>
  </datafield>
  <datafield tag="650" ind1=" " ind2="7">
    <subfield code="a">Communication</subfield>
    <subfield code="y">1930-1940.</subfield>
    <subfield code="2">lctgm</subfield>
  </datafield>
  <datafield tag="650" ind1=" " ind2="7">
    <subfield code="a">Women</subfield>
    <subfield code="x">Clothing &amp; dress</subfield>
    <subfield code="y">1930-1940.</subfield>
    <subfield code="2">lctgm</subfield>
  </datafield>
  <datafield tag="655" ind1=" " ind2="7">
    <subfield code="a">Editorial cartoons</subfield>
    <subfield code="y">1940.</subfield>
    <subfield code="2">gmgpc</subfield>
  </datafield>
  <datafield tag="655" ind1=" " ind2="7">
    <subfield code="a">Ink drawings</subfield>
    <subfield code="y">1940.</subfield>
    <subfield code="2">gmgpc</subfield>
  </datafield>
  <datafield tag="773" ind1="0" ind2=" ">
    <subfield code="a">Block, Herbert, 1909-2001.</subfield>
    <subfield code="t">Herbert L. Block collection (Library of Congress)</subfield>
    <subfield code="w">(DLC)  2009632507</subfield>
  </datafield>
  <datafield tag="852" ind1=" " ind2=" ">
    <subfield code="a">Library of Congress</subfield>
    <subfield code="b">Prints and Photographs Division</subfield>
    <subfield code="e">Washington, D.C. 20540 USA</subfield>
    <subfield code="n">dcu</subfield>
    <subfield code="u">http://hdl.loc.gov/loc.pnp/pp.print</subfield>
  </datafield>
  <datafield tag="856" ind1="4" ind2="1">
    <subfield code="3">digital file from original drawing</subfield>
    <subfield code="d">ppmsc</subfield>
    <subfield code="f">03403</subfield>
    <subfield code="q">p</subfield>
    <subfield code="u">http://hdl.loc.gov/loc.pnp/ppmsc.03403</subfield>
  </datafield>
  <datafield tag="856" ind1="4" ind2="1">
    <subfield code="3">digital file from b&amp;w film copy neg.</subfield>
    <subfield code="d">cph</subfield>
    <subfield code="f">3c27213</subfield>
    <subfield code="q">p</subfield>
    <subfield code="u">http://hdl.loc.gov/loc.pnp/cph.3c27213</subfield>
  </datafield>
  <datafield tag="985" ind1=" " ind2=" ">
    <subfield code="a">pp/hlb</subfield>
  </datafield>
  <datafield tag="985" ind1=" " ind2=" ">
    <subfield code="a">pp/exh</subfield>
    <subfield code="e">L4294</subfield>
  </datafield>
  <datafield tag="991" ind1=" " ind2=" ">
    <subfield code="b">c-P&amp;P</subfield>
    <subfield code="m">(C size)</subfield>
    <subfield code="v">obj.</subfield>
  </datafield>
</record>