
<record>
  <leader>03787ckm a22005057a 4500</leader>
  <controlfield tag="001">12164593</controlfield>
  <controlfield tag="005">20200101110037.0</controlfield>
  <controlfield tag="007">kd bo </controlfield>
  <controlfield tag="007">cr |||||||||||</controlfield>
  <controlfield tag="008">000906e19471031xxunnn            kneng  </controlfield>
  <datafield tag="906" ind1=" " ind2=" ">
    <subfield code="a">7</subfield>
    <subfield code="b">cbc</subfield>
    <subfield code="c">orignew</subfield>
    <subfield code="d">u</subfield>
    <subfield code="e">ncip</subfield>
    <subfield code="f">20</subfield>
    <subfield code="g">y-printpho</subfield>
  </datafield>
  <datafield tag="035" ind1=" " ind2=" ">
    <subfield code="a">(DLC)12164593</subfield>
  </datafield>
  <datafield tag="035" ind1=" " ind2=" ">
    <subfield code="a">(DLC)   00652190</subfield>
  </datafield>
  <datafield tag="010" ind1=" " ind2=" ">
    <subfield code="a">   00652190 </subfield>
  </datafield>
  <datafield tag="037" ind1=" " ind2=" ">
    <subfield code="a">LC-DIG-ppmsc-03380</subfield>
    <subfield code="b">DLC</subfield>
    <subfield code="c">(digital file from original drawing)</subfield>
  </datafield>
  <datafield tag="037" ind1=" " ind2=" ">
    <subfield code="a">LC-USZ62-127327</subfield>
    <subfield code="b">DLC</subfield>
    <subfield code="c">(b&amp;w film copy neg.)</subfield>
  </datafield>
  <datafield tag="040" ind1=" " ind2=" ">
    <subfield code="a">DLC</subfield>
    <subfield code="c">DLC</subfield>
    <subfield code="e">gihc</subfield>
  </datafield>
  <datafield tag="050" ind1="0" ind2="0">
    <subfield code="a">BLOCK,</subfield>
    <subfield code="b">no. 14319</subfield>
  </datafield>
  <datafield tag="100" ind1="1" ind2=" ">
    <subfield code="a">Block, Herbert,</subfield>
    <subfield code="d">1909-2001,</subfield>
    <subfield code="e">artist.</subfield>
  </datafield>
  <datafield tag="245" ind1="1" ind2="0">
    <subfield code="a">&quot;It&apos;s okay - we&apos;re hunting communists&quot;</subfield>
    <subfield code="h">[graphic] /</subfield>
    <subfield code="c">Herblock.</subfield>
  </datafield>
  <datafield tag="260" ind1=" " ind2=" ">
    <subfield code="c">1947 October 31, c1947.</subfield>
  </datafield>
  <datafield tag="300" ind1=" " ind2=" ">
    <subfield code="a">1 drawing on layered paper :</subfield>
    <subfield code="b">ink, crayon, and opaque white over graphite underdrawing ;</subfield>
    <subfield code="c">50.9 x 36.7 cm (sheet)</subfield>
  </datafield>
  <datafield tag="520" ind1="0" ind2=" ">
    <subfield code="a">Editorial cartoon showing an automobile, &quot;Committee on Un-American Activities&quot;, recklessly driven by J. Parnell Thomas, as he runs over pedestrians on the sidewalk, the passenger in the car turns to reassure the injured that &quot;it&apos;s okay [because] we&apos;re hunting communists.&quot; He is accompanied by fellow committee member Robert E. Stripling. This cartoon was published after a week of testimony by Hollywood screenwriters that included: Ring Lardner, Jr., Lester Cole, Berthold Brecht, and John Howard Lawson.</subfield>
  </datafield>
  <datafield tag="500" ind1=" " ind2=" ">
    <subfield code="a">Caption label from exhibit &quot;Herblock&apos;s History--Fire!&quot;: The Cold War revived the anti-communist hysteria that had gripped the United States after World War I. In 1947 Congress revived the House Committee on Un-American Activities (HUAC), opposed by Herb Block since its inception in the 1930s and declared by President Truman to be itself the most un-American activity. Herb Block comments: &quot;The FBI, under J. Edgar Hoover, helped provide the committee with material from its aptly named &apos;raw files.&apos; Some producers, directors and screen writers refused to testify or to play the &apos;name game&apos; in which the committee demanded the names of associates, who could then be called on to name others thus providing an ever-expanding list of suspects to be summoned.&quot;</subfield>
  </datafield>
  <datafield tag="540" ind1=" " ind2=" ">
    <subfield code="a">Publication may be restricted. For information see &quot;Herbert Block (&quot;Herblock&quot;) Rights and Restrictions,&quot;</subfield>
    <subfield code="u">http://www.loc.gov/rr/print/res/271_herb.html</subfield>
  </datafield>
  <datafield tag="500" ind1=" " ind2=" ">
    <subfield code="a">Published in the Washington Post, October 31, 1947.</subfield>
  </datafield>
  <datafield tag="500" ind1=" " ind2=" ">
    <subfield code="a">Copyright 1947 by the Washington Post Co.; renewed by Herblock.</subfield>
  </datafield>
  <datafield tag="580" ind1=" " ind2=" ">
    <subfield code="a">Forms part of: Herbert L. Block Collection (Library of Congress).</subfield>
  </datafield>
  <datafield tag="585" ind1=" " ind2=" ">
    <subfield code="a">Exhibited in: &quot;Herblock&apos;s History: Political Cartoons from the Crash to the Millennium&quot; at the Library of Congress, 2000-2001.</subfield>
  </datafield>
  <datafield tag="585" ind1=" " ind2=" ">
    <subfield code="a">Exhibited in: &quot;Political Humor : a tribute to Herblock&quot; at the University of Virginia Art Museum, 2003.</subfield>
  </datafield>
  <datafield tag="600" ind1="1" ind2="0">
    <subfield code="a">Thomas, J. Parnell</subfield>
    <subfield code="q">(John Parnell),</subfield>
    <subfield code="d">1895-1970.</subfield>
  </datafield>
  <datafield tag="600" ind1="1" ind2="0">
    <subfield code="a">Stripling, Robert E.</subfield>
  </datafield>
  <datafield tag="610" ind1="1" ind2="4">
    <subfield code="a">United States.</subfield>
    <subfield code="b">Congress.</subfield>
    <subfield code="b">House.</subfield>
    <subfield code="b">Committee on Un-American Activities</subfield>
    <subfield code="x">People</subfield>
    <subfield code="y">1940-1950.</subfield>
  </datafield>
  <datafield tag="650" ind1=" " ind2="7">
    <subfield code="a">Traffic accidents</subfield>
    <subfield code="y">1940-1950.</subfield>
    <subfield code="2">lctgm</subfield>
  </datafield>
  <datafield tag="650" ind1=" " ind2="7">
    <subfield code="a">Pedestrians</subfield>
    <subfield code="y">1940-1950.</subfield>
    <subfield code="2">lctgm</subfield>
  </datafield>
  <datafield tag="655" ind1=" " ind2="7">
    <subfield code="a">Editorial cartoons</subfield>
    <subfield code="y">1940-1950.</subfield>
    <subfield code="2">gmgpc</subfield>
  </datafield>
  <datafield tag="655" ind1=" " ind2="7">
    <subfield code="a">Ink drawings</subfield>
    <subfield code="y">1940-1950.</subfield>
    <subfield code="2">gmgpc</subfield>
  </datafield>
  <datafield tag="773" ind1="0" ind2=" ">
    <subfield code="a">Block, Herbert, 1909-2001.</subfield>
    <subfield code="t">Herbert L. Block collection (Library of Congress)</subfield>
    <subfield code="w">(DLC)  2009632507</subfield>
  </datafield>
  <datafield tag="852" ind1=" " ind2=" ">
    <subfield code="a">Library of Congress</subfield>
    <subfield code="b">Prints and Photographs Division</subfield>
    <subfield code="e">Washington, D.C. 20540 USA</subfield>
    <subfield code="n">dcu</subfield>
    <subfield code="u">http://hdl.loc.gov/loc.pnp/pp.print</subfield>
  </datafield>
  <datafield tag="856" ind1="4" ind2="1">
    <subfield code="3">digital file from original drawing</subfield>
    <subfield code="d">ppmsc</subfield>
    <subfield code="f">03380</subfield>
    <subfield code="q">p</subfield>
    <subfield code="u">http://hdl.loc.gov/loc.pnp/ppmsc.03380</subfield>
  </datafield>
  <datafield tag="856" ind1="4" ind2="1">
    <subfield code="3">digital file from b&amp;w film copy neg.</subfield>
    <subfield code="d">cph</subfield>
    <subfield code="f">3c27327</subfield>
    <subfield code="q">p</subfield>
    <subfield code="u">http://hdl.loc.gov/loc.pnp/cph.3c27327</subfield>
  </datafield>
  <datafield tag="985" ind1=" " ind2=" ">
    <subfield code="a">pp/hlb</subfield>
  </datafield>
  <datafield tag="985" ind1=" " ind2=" ">
    <subfield code="a">pp/exh</subfield>
    <subfield code="e">L4294</subfield>
  </datafield>
  <datafield tag="985" ind1=" " ind2=" ">
    <subfield code="a">pp/exh</subfield>
    <subfield code="e">L4412</subfield>
  </datafield>
  <datafield tag="991" ind1=" " ind2=" ">
    <subfield code="b">c-P&amp;P</subfield>
    <subfield code="m">(C size)</subfield>
    <subfield code="v">obj.</subfield>
  </datafield>
</record>