
<record>
  <leader>01898cas a2200469 a 4500</leader>
  <controlfield tag="001">13000243</controlfield>
  <controlfield tag="005">20200101075650.0</controlfield>
  <controlfield tag="008">021113d19931999sw  x m      f0   b0eng c</controlfield>
  <datafield tag="010" ind1=" " ind2=" ">
    <subfield code="a">sn 99047328 </subfield>
  </datafield>
  <datafield tag="016" ind1="7" ind2=" ">
    <subfield code="a">34126-5</subfield>
    <subfield code="2">DE-600</subfield>
  </datafield>
  <datafield tag="022" ind1=" " ind2=" ">
    <subfield code="a">1103-3371</subfield>
    <subfield code="l">1103-3371</subfield>
    <subfield code="y">0082-0024</subfield>
  </datafield>
  <datafield tag="035" ind1=" " ind2=" ">
    <subfield code="a">(OCoLC)ocm27763622 </subfield>
  </datafield>
  <datafield tag="040" ind1=" " ind2=" ">
    <subfield code="a">UND</subfield>
    <subfield code="b">eng</subfield>
    <subfield code="c">UND</subfield>
    <subfield code="d">UIU</subfield>
    <subfield code="d">WAU</subfield>
    <subfield code="d">OCL</subfield>
    <subfield code="d">DLC</subfield>
    <subfield code="d">WAU</subfield>
    <subfield code="d">NLGGC</subfield>
    <subfield code="d">OCLCQ</subfield>
    <subfield code="d">HEBIS</subfield>
    <subfield code="d">OCLCQ</subfield>
    <subfield code="d">OCLCF</subfield>
    <subfield code="d">OCLCO</subfield>
    <subfield code="d">OCLCA</subfield>
  </datafield>
  <datafield tag="042" ind1=" " ind2=" ">
    <subfield code="a">pcc</subfield>
  </datafield>
  <datafield tag="043" ind1=" " ind2=" ">
    <subfield code="a">e-sw---</subfield>
  </datafield>
  <datafield tag="050" ind1="0" ind2="0">
    <subfield code="a">QE282</subfield>
    <subfield code="b">.A3</subfield>
  </datafield>
  <datafield tag="082" ind1="0" ind2="4">
    <subfield code="a">554.85</subfield>
    <subfield code="b">R312</subfield>
    <subfield code="2">20</subfield>
  </datafield>
  <datafield tag="210" ind1="0" ind2=" ">
    <subfield code="a">SGU ser. C, Res. pap.</subfield>
  </datafield>
  <datafield tag="222" ind1=" " ind2="0">
    <subfield code="a">SGU series C. Research papers</subfield>
  </datafield>
  <datafield tag="245" ind1="0" ind2="0">
    <subfield code="a">SGU series C.</subfield>
    <subfield code="p">Research papers =</subfield>
    <subfield code="b">Forskningsrapporter.</subfield>
  </datafield>
  <datafield tag="246" ind1="3" ind2="0">
    <subfield code="a">Forskningsrapporter</subfield>
  </datafield>
  <datafield tag="246" ind1="3" ind2="0">
    <subfield code="a">Research papers</subfield>
  </datafield>
  <datafield tag="260" ind1=" " ind2=" ">
    <subfield code="a">Uppsala :</subfield>
    <subfield code="b">Sveriges Geologiska Undersökning,</subfield>
    <subfield code="c">-1999.</subfield>
  </datafield>
  <datafield tag="300" ind1=" " ind2=" ">
    <subfield code="a">v. :</subfield>
    <subfield code="b">ill. (some col.) ;</subfield>
    <subfield code="c">24 cm.</subfield>
  </datafield>
  <datafield tag="310" ind1=" " ind2=" ">
    <subfield code="a">Irregular</subfield>
  </datafield>
  <datafield tag="362" ind1="1" ind2=" ">
    <subfield code="a">Began with 823, published in 1993.</subfield>
  </datafield>
  <datafield tag="362" ind1="0" ind2=" ">
    <subfield code="a">-831.</subfield>
  </datafield>
  <datafield tag="515" ind1=" " ind2=" ">
    <subfield code="a">Some issues published out of chronological sequence, e.g., 826 published in 1992.</subfield>
  </datafield>
  <datafield tag="515" ind1=" " ind2=" ">
    <subfield code="a">No. 824-825 have former series title: Ser. C--Avhandlingar och uppsatser.</subfield>
  </datafield>
  <datafield tag="588" ind1=" " ind2=" ">
    <subfield code="a">Description based on: 827, published in 1994.</subfield>
  </datafield>
  <datafield tag="650" ind1=" " ind2="0">
    <subfield code="a">Geology</subfield>
    <subfield code="z">Sweden.</subfield>
  </datafield>
  <datafield tag="650" ind1="1" ind2="7">
    <subfield code="a">Geologie.</subfield>
    <subfield code="2">gtt</subfield>
  </datafield>
  <datafield tag="650" ind1=" " ind2="7">
    <subfield code="a">Geology.</subfield>
    <subfield code="2">fast</subfield>
    <subfield code="0">(OCoLC)fst00940627</subfield>
  </datafield>
  <datafield tag="651" ind1=" " ind2="7">
    <subfield code="a">Sweden.</subfield>
    <subfield code="2">fast</subfield>
    <subfield code="0">(OCoLC)fst01204537</subfield>
  </datafield>
  <datafield tag="710" ind1="2" ind2=" ">
    <subfield code="a">Sveriges geologiska undersökning.</subfield>
  </datafield>
  <datafield tag="776" ind1="0" ind2="8">
    <subfield code="i">Online version:</subfield>
    <subfield code="t">SGU series C. Research papers</subfield>
    <subfield code="w">(OCoLC)654400825</subfield>
  </datafield>
  <datafield tag="780" ind1="0" ind2="0">
    <subfield code="t">Ser. C--Avhandlingar och uppsatser</subfield>
    <subfield code="x">0082-0024</subfield>
    <subfield code="w">(DLC)   89642991</subfield>
    <subfield code="w">(OCoLC)10691212</subfield>
  </datafield>
  <datafield tag="785" ind1="0" ind2="0">
    <subfield code="t">Research papers. C</subfield>
    <subfield code="w">(DLC)  2004252541</subfield>
    <subfield code="w">(OCoLC)55880794</subfield>
  </datafield>
  <datafield tag="850" ind1=" " ind2=" ">
    <subfield code="a">DLC</subfield>
    <subfield code="a">WaU</subfield>
  </datafield>
  <datafield tag="906" ind1=" " ind2=" ">
    <subfield code="a">7</subfield>
    <subfield code="b">cbc</subfield>
    <subfield code="c">serials</subfield>
    <subfield code="d">3</subfield>
    <subfield code="e">ncip</subfield>
    <subfield code="f">19</subfield>
    <subfield code="g">n-oclcserc</subfield>
  </datafield>
  <datafield tag="925" ind1="0" ind2=" ">
    <subfield code="a">acquire</subfield>
    <subfield code="b">1 shelf copy</subfield>
    <subfield code="x">trw 11-13-2002</subfield>
  </datafield>
  <datafield tag="955" ind1=" " ind2=" ">
    <subfield code="a">to SRD/CAT</subfield>
    <subfield code="a">dd00 2002-11-22 SERCAT3</subfield>
    <subfield code="a">dd14 2003-08-11</subfield>
    <subfield code="i">dd14 2004-01-05 to Cat Tech</subfield>
    <subfield code="g">dd96 2004-01-07 to SER</subfield>
  </datafield>
</record>