
<record>
  <leader>02274cas a2200433 a 4500</leader>
  <controlfield tag="001">14235817</controlfield>
  <controlfield tag="005">20200101075656.0</controlfield>
  <controlfield tag="008">060119c20069999njuar    s    0   a0eng  </controlfield>
  <datafield tag="010" ind1=" " ind2=" ">
    <subfield code="a">  2006209927</subfield>
  </datafield>
  <datafield tag="022" ind1="0" ind2=" ">
    <subfield code="a">1930-4250</subfield>
    <subfield code="2">1</subfield>
  </datafield>
  <datafield tag="035" ind1=" " ind2=" ">
    <subfield code="a">(OCoLC)ocm63761655 </subfield>
  </datafield>
  <datafield tag="040" ind1=" " ind2=" ">
    <subfield code="a">DLC</subfield>
    <subfield code="b">eng</subfield>
    <subfield code="c">DLC</subfield>
    <subfield code="d">NSD</subfield>
    <subfield code="d">OCLCQ</subfield>
    <subfield code="d">OCLCO</subfield>
    <subfield code="d">OCLCF</subfield>
    <subfield code="d">DLC</subfield>
  </datafield>
  <datafield tag="042" ind1=" " ind2=" ">
    <subfield code="a">pcc</subfield>
    <subfield code="a">nsdp</subfield>
  </datafield>
  <datafield tag="043" ind1=" " ind2=" ">
    <subfield code="a">n-us---</subfield>
  </datafield>
  <datafield tag="050" ind1="0" ind2="0">
    <subfield code="a">HE8789.U6</subfield>
    <subfield code="b">.S87</subfield>
  </datafield>
  <datafield tag="082" ind1="1" ind2="0">
    <subfield code="a">331</subfield>
    <subfield code="2">13</subfield>
  </datafield>
  <datafield tag="222" ind1=" " ind2="0">
    <subfield code="a">Survey report on call center &amp; customer service personnel compensation</subfield>
  </datafield>
  <datafield tag="245" ind1="0" ind2="0">
    <subfield code="a">Survey report on call center &amp; customer service personnel compensation.</subfield>
  </datafield>
  <datafield tag="246" ind1="3" ind2=" ">
    <subfield code="a">Survey report on call center and customer service personnel compensation</subfield>
  </datafield>
  <datafield tag="246" ind1="1" ind2="4">
    <subfield code="a">Survey report.</subfield>
    <subfield code="p">Call center &amp; customer service personnel compensation</subfield>
  </datafield>
  <datafield tag="260" ind1=" " ind2=" ">
    <subfield code="a">Rochelle Park, NJ :</subfield>
    <subfield code="b">Watson Wyatt Data Services,</subfield>
    <subfield code="c">2005-</subfield>
  </datafield>
  <datafield tag="300" ind1=" " ind2=" ">
    <subfield code="a">v. ;</subfield>
    <subfield code="c">28 cm.</subfield>
  </datafield>
  <datafield tag="310" ind1=" " ind2=" ">
    <subfield code="a">Annual</subfield>
  </datafield>
  <datafield tag="362" ind1="0" ind2=" ">
    <subfield code="a">2005/2006-</subfield>
  </datafield>
  <datafield tag="580" ind1=" " ind2=" ">
    <subfield code="a">Merger of: Geographic report on call center and customer service personnel compensation; and: Industry report on call center and customer service personnel compensation.</subfield>
  </datafield>
  <datafield tag="650" ind1=" " ind2="0">
    <subfield code="a">Call centers</subfield>
    <subfield code="x">Employees</subfield>
    <subfield code="x">Salaries, etc.</subfield>
    <subfield code="z">United States</subfield>
    <subfield code="v">Statistics</subfield>
    <subfield code="v">Periodicals.</subfield>
  </datafield>
  <datafield tag="650" ind1=" " ind2="0">
    <subfield code="a">Customer services</subfield>
    <subfield code="x">Employees</subfield>
    <subfield code="x">Salaries, etc.</subfield>
    <subfield code="z">United States</subfield>
    <subfield code="v">Statistics</subfield>
    <subfield code="v">Periodicals.</subfield>
  </datafield>
  <datafield tag="651" ind1=" " ind2="7">
    <subfield code="a">United States.</subfield>
    <subfield code="2">fast</subfield>
    <subfield code="0">(OCoLC)fst01204155</subfield>
  </datafield>
  <datafield tag="655" ind1=" " ind2="7">
    <subfield code="a">Periodicals.</subfield>
    <subfield code="2">fast</subfield>
    <subfield code="0">(OCoLC)fst01411641</subfield>
  </datafield>
  <datafield tag="655" ind1=" " ind2="7">
    <subfield code="a">Statistics.</subfield>
    <subfield code="2">fast</subfield>
    <subfield code="0">(OCoLC)fst01423727</subfield>
  </datafield>
  <datafield tag="710" ind1="2" ind2=" ">
    <subfield code="a">Watson Wyatt Data Services.</subfield>
  </datafield>
  <datafield tag="780" ind1="1" ind2="4">
    <subfield code="t">Geographic report on call center and customer service personnel compensation</subfield>
    <subfield code="x">1551-7241</subfield>
    <subfield code="w">(DLC)  2004204272</subfield>
    <subfield code="w">(OCoLC)55729670</subfield>
  </datafield>
  <datafield tag="780" ind1="1" ind2="4">
    <subfield code="t">Industry report on call center and customer service personnel compensation</subfield>
    <subfield code="x">1551-725X</subfield>
    <subfield code="w">(DLC)  2004205283</subfield>
    <subfield code="w">(OCoLC)56081472</subfield>
  </datafield>
  <datafield tag="850" ind1=" " ind2=" ">
    <subfield code="a">DLC</subfield>
  </datafield>
  <datafield tag="853" ind1="2" ind2="0">
    <subfield code="8">1</subfield>
    <subfield code="a">(year/year)</subfield>
    <subfield code="w">a</subfield>
  </datafield>
  <datafield tag="863" ind1="4" ind2="1">
    <subfield code="8">1.1</subfield>
    <subfield code="a">2005/2006</subfield>
  </datafield>
  <datafield tag="906" ind1=" " ind2=" ">
    <subfield code="a">7</subfield>
    <subfield code="b">cbc</subfield>
    <subfield code="c">serials</subfield>
    <subfield code="d">2</subfield>
    <subfield code="e">ncip</subfield>
    <subfield code="f">20</subfield>
    <subfield code="g">n-oclcserc</subfield>
  </datafield>
  <datafield tag="925" ind1="0" ind2=" ">
    <subfield code="a">Acquire</subfield>
    <subfield code="b">1 shelf copy</subfield>
    <subfield code="x">policy default 2006-03-02</subfield>
  </datafield>
  <datafield tag="955" ind1=" " ind2=" ">
    <subfield code="a">To Selection Officer, dj30 2006-01-19</subfield>
    <subfield code="a">rjc, 2006-01-23 to SRD/P&amp;R</subfield>
    <subfield code="g">dj30 2006-02-08, To SERCAT</subfield>
    <subfield code="a">dd00 2006-02-10 SERCAT3</subfield>
    <subfield code="i">dd16 2006-02-13</subfield>
    <subfield code="e">dd16 2006-02-13 to NSDP</subfield>
    <subfield code="k">df17 2006-03-02 to BCCD</subfield>
    <subfield code="a">Barcode 00250969260 returned from bindery 2009-08-20</subfield>
    <subfield code="a">xf24 2019-12-30 Updated for Free ISSN Project</subfield>
  </datafield>
</record>