
<record>
  <leader>02657cas a2200577 a 4500</leader>
  <controlfield tag="001">14637998</controlfield>
  <controlfield tag="005">20200101075657.0</controlfield>
  <controlfield tag="006">m     o  d        </controlfield>
  <controlfield tag="007">cr |||||||||||</controlfield>
  <controlfield tag="008">061117c19929999nyuqr p o     0   a0eng c</controlfield>
  <datafield tag="010" ind1=" " ind2=" ">
    <subfield code="a">  2006216258</subfield>
  </datafield>
  <datafield tag="022" ind1="0" ind2=" ">
    <subfield code="a">1934-7901</subfield>
    <subfield code="y">1068-7998</subfield>
    <subfield code="l">1068-7998</subfield>
    <subfield code="2">1</subfield>
  </datafield>
  <datafield tag="035" ind1=" " ind2=" ">
    <subfield code="a">(OCoLC)ocm76260134 </subfield>
  </datafield>
  <datafield tag="037" ind1=" " ind2=" ">
    <subfield code="b">Allerton Press, Inc., 18 West 27th St., New York, NY 10001</subfield>
  </datafield>
  <datafield tag="040" ind1=" " ind2=" ">
    <subfield code="a">NSD</subfield>
    <subfield code="b">eng</subfield>
    <subfield code="e">pn</subfield>
    <subfield code="c">NSD</subfield>
    <subfield code="d">NSD</subfield>
    <subfield code="d">OCLCS</subfield>
    <subfield code="d">OCLCQ</subfield>
    <subfield code="d">TXA</subfield>
    <subfield code="d">OCLCQ</subfield>
    <subfield code="d">OCLCF</subfield>
    <subfield code="d">OCLCQ</subfield>
    <subfield code="d">AU@</subfield>
    <subfield code="d">CNTRU</subfield>
    <subfield code="d">VT2</subfield>
    <subfield code="d">DLC</subfield>
  </datafield>
  <datafield tag="042" ind1=" " ind2=" ">
    <subfield code="a">pcc</subfield>
    <subfield code="a">nsdp</subfield>
  </datafield>
  <datafield tag="050" ind1="0" ind2="0">
    <subfield code="a">TL504</subfield>
  </datafield>
  <datafield tag="066" ind1=" " ind2=" ">
    <subfield code="c">(N</subfield>
  </datafield>
  <datafield tag="082" ind1="0" ind2="0">
    <subfield code="a">629.13/00947</subfield>
  </datafield>
  <datafield tag="130" ind1="0" ind2=" ">
    <subfield code="a">Izvestii︠a︡ vysshikh uchebnykh zavedeniĭ.</subfield>
    <subfield code="p">Aviat︠s︡ionnai︠a︡ tekhnika.</subfield>
    <subfield code="l">English (Online)</subfield>
  </datafield>
  <datafield tag="210" ind1="0" ind2=" ">
    <subfield code="a">Russ. aeronaut.</subfield>
    <subfield code="b">(Online)</subfield>
  </datafield>
  <datafield tag="222" ind1=" " ind2="0">
    <subfield code="a">Russian aeronautics</subfield>
    <subfield code="b">(Online)</subfield>
  </datafield>
  <datafield tag="245" ind1="1" ind2="0">
    <subfield code="a">Russian aeronautics.</subfield>
  </datafield>
  <datafield tag="246" ind1="1" ind2=" ">
    <subfield code="a">Russian Aeronautics (Iz. VUZ)</subfield>
  </datafield>
  <datafield tag="260" ind1=" " ind2=" ">
    <subfield code="a">New York :</subfield>
    <subfield code="b">Allerton Press</subfield>
  </datafield>
  <datafield tag="310" ind1=" " ind2=" ">
    <subfield code="a">Quarterly</subfield>
  </datafield>
  <datafield tag="336" ind1=" " ind2=" ">
    <subfield code="a">text</subfield>
    <subfield code="b">txt</subfield>
    <subfield code="2">rdacontent</subfield>
  </datafield>
  <datafield tag="337" ind1=" " ind2=" ">
    <subfield code="a">computer</subfield>
    <subfield code="b">c</subfield>
    <subfield code="2">rdamedia</subfield>
  </datafield>
  <datafield tag="338" ind1=" " ind2=" ">
    <subfield code="a">online resource</subfield>
    <subfield code="b">cr</subfield>
    <subfield code="2">rdacarrier</subfield>
  </datafield>
  <datafield tag="362" ind1="1" ind2=" ">
    <subfield code="a">Print began in 1992.</subfield>
  </datafield>
  <datafield tag="538" ind1=" " ind2=" ">
    <subfield code="a">Mode of access: World Wide Web.</subfield>
  </datafield>
  <datafield tag="588" ind1=" " ind2=" ">
    <subfield code="a">Description based on: Vol. 50, no. 1 (Mar. 2007); title from PDF article running title (SpringerLink, viewed Sept. 27, 2010).</subfield>
  </datafield>
  <datafield tag="588" ind1=" " ind2=" ">
    <subfield code="a">Latest issue consulted: Vol. 62, no. 3 (July 2019) (SpringerLink, viewed Dec. 30, 2019).</subfield>
  </datafield>
  <datafield tag="650" ind1=" " ind2="0">
    <subfield code="a">Aeronautics</subfield>
    <subfield code="v">Periodicals.</subfield>
  </datafield>
  <datafield tag="650" ind1=" " ind2="0">
    <subfield code="a">Aerodynamics</subfield>
    <subfield code="v">Periodicals.</subfield>
  </datafield>
  <datafield tag="650" ind1=" " ind2="7">
    <subfield code="a">Aerodynamics.</subfield>
    <subfield code="2">fast</subfield>
    <subfield code="0">(OCoLC)fst00798195</subfield>
  </datafield>
  <datafield tag="650" ind1=" " ind2="7">
    <subfield code="a">Aeronautics.</subfield>
    <subfield code="2">fast</subfield>
    <subfield code="0">(OCoLC)fst00798293</subfield>
  </datafield>
  <datafield tag="655" ind1=" " ind2="7">
    <subfield code="a">Periodicals.</subfield>
    <subfield code="2">fast</subfield>
    <subfield code="0">(OCoLC)fst01411641</subfield>
  </datafield>
  <datafield tag="655" ind1=" " ind2="0">
    <subfield code="a">Electronic journals.</subfield>
  </datafield>
  <datafield tag="765" ind1="0" ind2=" ">
    <subfield code="6">880-01</subfield>
    <subfield code="t">Izvestii︠a︡ vysshikh uchebnykh zavedeniĭ. Aviat︠s︡ionnai︠a︡ tekhnika</subfield>
  </datafield>
  <datafield tag="776" ind1="0" ind2="8">
    <subfield code="i">Print version:</subfield>
    <subfield code="s">Izvestii︠a︡ vysshikh uchebnykh zavedeniĭ. Aviat︠s︡ionnai︠a︡ tekhnika. English .</subfield>
    <subfield code="t">Russian aeronautics</subfield>
    <subfield code="x">1068-7998</subfield>
    <subfield code="w">(DLC)   93641512</subfield>
    <subfield code="w">(OCoLC)27389628</subfield>
  </datafield>
  <datafield tag="780" ind1="0" ind2="0">
    <subfield code="t">Soviet aeronautics</subfield>
  </datafield>
  <datafield tag="850" ind1=" " ind2=" ">
    <subfield code="a">DLC</subfield>
  </datafield>
  <datafield tag="859" ind1="4" ind2="0">
    <subfield code="u">https://link.springer.com/journal/11977</subfield>
  </datafield>
  <datafield tag="859" ind1="4" ind2="0">
    <subfield code="u">http://www.springerlink.com/content/1934-7901</subfield>
  </datafield>
  <datafield tag="859" ind1="4" ind2="0">
    <subfield code="u">http://www.springerlink.com/openurl.asp?genre=journal&amp;issn=1068-7998</subfield>
  </datafield>
  <datafield tag="880" ind1="0" ind2=" ">
    <subfield code="6">765-01/(N</subfield>
    <subfield code="t">Известия высших учебных заведений. Авиационная техника</subfield>
  </datafield>
  <datafield tag="906" ind1=" " ind2=" ">
    <subfield code="a">7</subfield>
    <subfield code="b">cbc</subfield>
    <subfield code="c">sercoop</subfield>
    <subfield code="d">2</subfield>
    <subfield code="e">ncip</subfield>
    <subfield code="f">20</subfield>
    <subfield code="g">n-oclcserc</subfield>
  </datafield>
  <datafield tag="925" ind1="0" ind2=" ">
    <subfield code="a">acquire</subfield>
    <subfield code="e">edeposit</subfield>
    <subfield code="x">policy default</subfield>
  </datafield>
  <datafield tag="955" ind1=" " ind2=" ">
    <subfield code="j">df50 2006-11-17</subfield>
    <subfield code="a">df38 2007-05-22</subfield>
    <subfield code="a">df00 2007-05-22</subfield>
    <subfield code="c">df27 2007-06-28 (ISSN) to surplus</subfield>
    <subfield code="a">rh00 2017-11-08</subfield>
    <subfield code="i">rh25 2019-12-30</subfield>
  </datafield>
  <datafield tag="985" ind1=" " ind2=" ">
    <subfield code="d">20180226</subfield>
    <subfield code="e">edeposit SR16127520231</subfield>
  </datafield>
</record>