
<record>
  <leader>02379cas a2200493 a 4500</leader>
  <controlfield tag="001">14753734</controlfield>
  <controlfield tag="005">20200101075657.0</controlfield>
  <controlfield tag="008">070301c20089999sz qr p       0   a0eng c</controlfield>
  <datafield tag="010" ind1=" " ind2=" ">
    <subfield code="a">  2007214256</subfield>
  </datafield>
  <datafield tag="016" ind1="7" ind2=" ">
    <subfield code="a">014648339</subfield>
    <subfield code="2">Uk</subfield>
  </datafield>
  <datafield tag="022" ind1="0" ind2=" ">
    <subfield code="a">1936-1521</subfield>
    <subfield code="l">1936-1521</subfield>
    <subfield code="2">6</subfield>
  </datafield>
  <datafield tag="035" ind1=" " ind2=" ">
    <subfield code="a">(OCoLC)ocm85480808 </subfield>
  </datafield>
  <datafield tag="037" ind1=" " ind2=" ">
    <subfield code="b">Taylor &amp; Francis Group, LCC., 325 Chestnut Street, Philadelphia, PA 19106</subfield>
  </datafield>
  <datafield tag="040" ind1=" " ind2=" ">
    <subfield code="a">NSD</subfield>
    <subfield code="b">eng</subfield>
    <subfield code="c">NSD</subfield>
    <subfield code="d">NSD</subfield>
    <subfield code="d">DLC</subfield>
    <subfield code="d">OCLCQ</subfield>
    <subfield code="d">UKMGB</subfield>
    <subfield code="d">OCLCQ</subfield>
    <subfield code="d">OCLCO</subfield>
    <subfield code="d">NLM</subfield>
    <subfield code="d">OCLCA</subfield>
    <subfield code="d">OCLCF</subfield>
    <subfield code="d">DLC</subfield>
  </datafield>
  <datafield tag="042" ind1=" " ind2=" ">
    <subfield code="a">pcc</subfield>
    <subfield code="a">nsdp</subfield>
  </datafield>
  <datafield tag="050" ind1="0" ind2="0">
    <subfield code="a">RJ506.P66</subfield>
    <subfield code="b">J68</subfield>
  </datafield>
  <datafield tag="082" ind1="1" ind2="0">
    <subfield code="a">618</subfield>
    <subfield code="2">14</subfield>
  </datafield>
  <datafield tag="210" ind1="0" ind2=" ">
    <subfield code="a">J. child adolesc. trauma</subfield>
  </datafield>
  <datafield tag="222" ind1=" " ind2="0">
    <subfield code="a">Journal of child &amp; adolescent trauma</subfield>
  </datafield>
  <datafield tag="245" ind1="0" ind2="0">
    <subfield code="a">Journal of child &amp; adolescent trauma.</subfield>
  </datafield>
  <datafield tag="246" ind1="1" ind2="3">
    <subfield code="a">Journal of child and adolescent trauma</subfield>
  </datafield>
  <datafield tag="260" ind1=" " ind2=" ">
    <subfield code="a">Philadelphia, PA :</subfield>
    <subfield code="b">Taylor &amp; Francis Group</subfield>
  </datafield>
  <datafield tag="264" ind1="3" ind2="1">
    <subfield code="3">&lt;2014-&gt; :</subfield>
    <subfield code="a">Cham :</subfield>
    <subfield code="b">Springer International Publishing</subfield>
  </datafield>
  <datafield tag="310" ind1=" " ind2=" ">
    <subfield code="a">Quarterly</subfield>
  </datafield>
  <datafield tag="362" ind1="1" ind2=" ">
    <subfield code="a">Began with vol. 1, no. 1 (2008).</subfield>
  </datafield>
  <datafield tag="530" ind1=" " ind2=" ">
    <subfield code="a">Also issued online.</subfield>
  </datafield>
  <datafield tag="588" ind1=" " ind2=" ">
    <subfield code="a">Description based on first issue; title from cover.</subfield>
  </datafield>
  <datafield tag="650" ind1=" " ind2="0">
    <subfield code="a">Psychic trauma in children</subfield>
    <subfield code="v">Periodicals.</subfield>
  </datafield>
  <datafield tag="650" ind1=" " ind2="0">
    <subfield code="a">Psychic trauma in adolescence</subfield>
    <subfield code="v">Periodicals.</subfield>
  </datafield>
  <datafield tag="650" ind1=" " ind2="0">
    <subfield code="a">Psychic trauma in children</subfield>
    <subfield code="x">Treatment</subfield>
    <subfield code="v">Periodicals.</subfield>
  </datafield>
  <datafield tag="650" ind1=" " ind2="0">
    <subfield code="a">Psychic trauma in adolescence</subfield>
    <subfield code="x">Treatment</subfield>
    <subfield code="v">Periodicals.</subfield>
  </datafield>
  <datafield tag="650" ind1=" " ind2="0">
    <subfield code="a">Psychic trauma in children</subfield>
    <subfield code="x">Prevention</subfield>
    <subfield code="v">Periodicals.</subfield>
  </datafield>
  <datafield tag="650" ind1=" " ind2="0">
    <subfield code="a">Psychic trauma in adolescence</subfield>
    <subfield code="x">Prevention</subfield>
    <subfield code="v">Periodicals.</subfield>
  </datafield>
  <datafield tag="650" ind1=" " ind2="7">
    <subfield code="a">Psychic trauma in adolescence.</subfield>
    <subfield code="2">fast</subfield>
    <subfield code="0">(OCoLC)fst01081226</subfield>
  </datafield>
  <datafield tag="650" ind1=" " ind2="7">
    <subfield code="a">Psychic trauma in children.</subfield>
    <subfield code="2">fast</subfield>
    <subfield code="0">(OCoLC)fst01081227</subfield>
  </datafield>
  <datafield tag="650" ind1=" " ind2="7">
    <subfield code="a">Psychic trauma in children</subfield>
    <subfield code="x">Treatment.</subfield>
    <subfield code="2">fast</subfield>
    <subfield code="0">(OCoLC)fst01081228</subfield>
  </datafield>
  <datafield tag="655" ind1=" " ind2="7">
    <subfield code="a">Periodicals.</subfield>
    <subfield code="2">fast</subfield>
    <subfield code="0">(OCoLC)fst01411641</subfield>
  </datafield>
  <datafield tag="776" ind1="1" ind2=" ">
    <subfield code="t">Journal of child &amp; adolescent trauma (Online)</subfield>
    <subfield code="x">1936-153X</subfield>
    <subfield code="w">(DLC)  2007214257</subfield>
    <subfield code="w">(OCoLC)85481286</subfield>
  </datafield>
  <datafield tag="850" ind1=" " ind2=" ">
    <subfield code="a">DLC</subfield>
  </datafield>
  <datafield tag="859" ind1="4" ind2=" ">
    <subfield code="u">http://www.haworthpress.com/store/product.asp?sku=J392</subfield>
  </datafield>
  <datafield tag="859" ind1="4" ind2=" ">
    <subfield code="u">http://link.springer.com/journal/40653</subfield>
  </datafield>
  <datafield tag="906" ind1=" " ind2=" ">
    <subfield code="a">7</subfield>
    <subfield code="b">cbc</subfield>
    <subfield code="c">serials</subfield>
    <subfield code="d">2</subfield>
    <subfield code="e">ncip</subfield>
    <subfield code="f">20</subfield>
    <subfield code="g">n-oclcserc</subfield>
  </datafield>
  <datafield tag="925" ind1="0" ind2=" ">
    <subfield code="a">Acquire</subfield>
    <subfield code="b">1 shelf copy</subfield>
    <subfield code="x">policy default, 2008-07-07</subfield>
  </datafield>
  <datafield tag="955" ind1=" " ind2=" ">
    <subfield code="j">df50 2007-03-01</subfield>
    <subfield code="a">rjc, 2008-07-07 to NSDP</subfield>
    <subfield code="a">df38 2008-07-08</subfield>
    <subfield code="a">df00 2008-07-07</subfield>
    <subfield code="a">da12 2008-07-24</subfield>
    <subfield code="c">da12 2008-07-29</subfield>
    <subfield code="a">da88 2008-07-29</subfield>
    <subfield code="g">da12 2008-07-29</subfield>
    <subfield code="a">dg00 2008-08-13 SSCD shelf (SRD)</subfield>
    <subfield code="d">da25 2008-09-02</subfield>
    <subfield code="e">da25 2008-09-02 to Ser</subfield>
    <subfield code="a">Barcode 00200777785 returned from bindery 2009-10-02</subfield>
  </datafield>
</record>