
<record>
  <leader>02221cas a2200409 a 4500</leader>
  <controlfield tag="001">15029126</controlfield>
  <controlfield tag="005">20200101075659.0</controlfield>
  <controlfield tag="008">071001d2007201uun ar         |    0ukro </controlfield>
  <datafield tag="010" ind1=" " ind2=" ">
    <subfield code="a">  2007201501</subfield>
  </datafield>
  <datafield tag="035" ind1=" " ind2=" ">
    <subfield code="a">(OCoLC)ocn173689283</subfield>
  </datafield>
  <datafield tag="040" ind1=" " ind2=" ">
    <subfield code="a">DLC</subfield>
    <subfield code="b">eng</subfield>
    <subfield code="c">DLC</subfield>
    <subfield code="d">DLC</subfield>
    <subfield code="d">OCLCQ</subfield>
    <subfield code="d">OCLCF</subfield>
    <subfield code="d">OCLCO</subfield>
    <subfield code="d">DLC</subfield>
  </datafield>
  <datafield tag="042" ind1=" " ind2=" ">
    <subfield code="a">pcc</subfield>
  </datafield>
  <datafield tag="043" ind1=" " ind2=" ">
    <subfield code="a">e-un---</subfield>
  </datafield>
  <datafield tag="050" ind1="0" ind2="0">
    <subfield code="a">P1.A1</subfield>
    <subfield code="b">A38</subfield>
  </datafield>
  <datafield tag="245" ind1="0" ind2="0">
    <subfield code="a">Aktualʹni problemy inozemnoï filolohiï--linhvistyka ta literaturoznavstvo.</subfield>
  </datafield>
  <datafield tag="260" ind1=" " ind2=" ">
    <subfield code="a">Niz︠h︡yn :</subfield>
    <subfield code="b">Vydavnyt︠s︡tvo &quot;Aspekt-Polihraf,</subfield>
    <subfield code="c">2007-</subfield>
  </datafield>
  <datafield tag="310" ind1=" " ind2=" ">
    <subfield code="a">Annual</subfield>
  </datafield>
  <datafield tag="362" ind1="1" ind2=" ">
    <subfield code="a">Began with Vyp. 1, published in 2007; ceased with Vyp. 8, ch. 2.</subfield>
  </datafield>
  <datafield tag="500" ind1=" " ind2=" ">
    <subfield code="a">&quot;Miz︠h︡vuzivsʹkyĭ zbirnyk naukovykh stateĭ.&quot;</subfield>
  </datafield>
  <datafield tag="515" ind1=" " ind2=" ">
    <subfield code="a">Two volumes published in 2009; vols. 6-8 published in multiple volumes.</subfield>
  </datafield>
  <datafield tag="546" ind1=" " ind2=" ">
    <subfield code="a">Chiefly in Ukrainian, some in English, Polish, Russian, and Spanish; summaries in English and Ukrainian, or English and Russian.</subfield>
  </datafield>
  <datafield tag="550" ind1=" " ind2=" ">
    <subfield code="a">Issued by: Ministerstvo osvity i nauky Ukraïny, Zaporizʹkyĭ nat︠s︡ionalʹnyĭ universytet [and] Instytut filolohiï Berdi︠a︡nsʹkoho derz︠h︡avnoho pedahohichnoho universytetu.</subfield>
  </datafield>
  <datafield tag="588" ind1=" " ind2=" ">
    <subfield code="a">Description based on first issue; title from title page.</subfield>
  </datafield>
  <datafield tag="588" ind1=" " ind2=" ">
    <subfield code="a">Latest issue consulted: Vyp. 1 (2007).</subfield>
  </datafield>
  <datafield tag="650" ind1=" " ind2="0">
    <subfield code="a">Philology</subfield>
    <subfield code="v">Periodicals.</subfield>
  </datafield>
  <datafield tag="650" ind1=" " ind2="0">
    <subfield code="a">Indo-European philology</subfield>
    <subfield code="v">Periodicals.</subfield>
  </datafield>
  <datafield tag="650" ind1=" " ind2="0">
    <subfield code="a">Philology</subfield>
    <subfield code="z">Ukraine</subfield>
    <subfield code="v">Periodicals.</subfield>
  </datafield>
  <datafield tag="650" ind1=" " ind2="7">
    <subfield code="a">Indo-European philology.</subfield>
    <subfield code="2">fast</subfield>
    <subfield code="0">(OCoLC)fst00970464</subfield>
  </datafield>
  <datafield tag="650" ind1=" " ind2="7">
    <subfield code="a">Philology.</subfield>
    <subfield code="2">fast</subfield>
    <subfield code="0">(OCoLC)fst01060694</subfield>
  </datafield>
  <datafield tag="651" ind1=" " ind2="7">
    <subfield code="a">Ukraine.</subfield>
    <subfield code="2">fast</subfield>
    <subfield code="0">(OCoLC)fst01211738</subfield>
  </datafield>
  <datafield tag="655" ind1=" " ind2="7">
    <subfield code="a">Periodicals.</subfield>
    <subfield code="2">fast</subfield>
    <subfield code="0">(OCoLC)fst01411641</subfield>
  </datafield>
  <datafield tag="710" ind1="2" ind2=" ">
    <subfield code="a">Zaporizʹkyĭ nat︠s︡ionalʹnyĭ universytet.</subfield>
  </datafield>
  <datafield tag="710" ind1="2" ind2=" ">
    <subfield code="a">Berdi︠a︡nsʹkyĭ derz︠h︡avnyĭ pedahohichnyĭ universytet.</subfield>
    <subfield code="b">Instytut filolohiï.</subfield>
  </datafield>
  <datafield tag="850" ind1=" " ind2=" ">
    <subfield code="a">DLC</subfield>
  </datafield>
  <datafield tag="906" ind1=" " ind2=" ">
    <subfield code="a">7</subfield>
    <subfield code="b">cbc</subfield>
    <subfield code="c">serials</subfield>
    <subfield code="d">2</subfield>
    <subfield code="e">ncip</subfield>
    <subfield code="f">20</subfield>
    <subfield code="g">n-oclcserc</subfield>
  </datafield>
  <datafield tag="925" ind1="0" ind2=" ">
    <subfield code="a">acquire</subfield>
    <subfield code="b">1 shelf copy</subfield>
    <subfield code="x">JWD 2007-09-26</subfield>
  </datafield>
  <datafield tag="955" ind1=" " ind2=" ">
    <subfield code="a">ok23 2007-10-01 to SRD/CAT</subfield>
    <subfield code="a">da00 2007-10-04</subfield>
    <subfield code="i">da22 2007-10-18</subfield>
    <subfield code="e">da22 2007-10-18; to cattec</subfield>
    <subfield code="a">Barcode 00287223651 returned from bindery 2010-05-20</subfield>
    <subfield code="a">Barcode 00287223651 returned from bindery 2010-05-20</subfield>
    <subfield code="a">Barcode 00287223651 returned from bindery 2010-05-20</subfield>
    <subfield code="g">fc69 2012-08-02 telework to BCCD</subfield>
  </datafield>
</record>