
<record>
  <leader>02499cas a2200577 a 4500</leader>
  <controlfield tag="001">15344753</controlfield>
  <controlfield tag="005">20200101075700.0</controlfield>
  <controlfield tag="008">080205c20089999enkbr p       0    0eng c</controlfield>
  <datafield tag="010" ind1=" " ind2=" ">
    <subfield code="a">  2008252069</subfield>
  </datafield>
  <datafield tag="015" ind1=" " ind2=" ">
    <subfield code="a">GBA816433</subfield>
    <subfield code="2">bnb</subfield>
  </datafield>
  <datafield tag="016" ind1="7" ind2=" ">
    <subfield code="a">987322109</subfield>
    <subfield code="2">DE-101</subfield>
  </datafield>
  <datafield tag="016" ind1="7" ind2=" ">
    <subfield code="a">2406816-0</subfield>
    <subfield code="2">DE-600</subfield>
  </datafield>
  <datafield tag="016" ind1="7" ind2=" ">
    <subfield code="a">101465604</subfield>
    <subfield code="2">DNLM</subfield>
  </datafield>
  <datafield tag="016" ind1="7" ind2=" ">
    <subfield code="a">013772056</subfield>
    <subfield code="2">Uk</subfield>
  </datafield>
  <datafield tag="022" ind1=" " ind2=" ">
    <subfield code="a">1755-098X</subfield>
    <subfield code="l">1755-098X</subfield>
    <subfield code="y">1471-8278</subfield>
  </datafield>
  <datafield tag="032" ind1=" " ind2=" ">
    <subfield code="a">024303</subfield>
    <subfield code="b">USPS</subfield>
  </datafield>
  <datafield tag="035" ind1=" " ind2=" ">
    <subfield code="a">(OCoLC)ocn191825942</subfield>
  </datafield>
  <datafield tag="040" ind1=" " ind2=" ">
    <subfield code="a">VXG</subfield>
    <subfield code="b">eng</subfield>
    <subfield code="c">VXG</subfield>
    <subfield code="d">WAU</subfield>
    <subfield code="d">OCLCQ</subfield>
    <subfield code="d">CLU</subfield>
    <subfield code="d">CUS</subfield>
    <subfield code="d">NLM</subfield>
    <subfield code="d">DLC</subfield>
    <subfield code="d">WAU</subfield>
    <subfield code="d">NSD</subfield>
    <subfield code="d">OCLCQ</subfield>
    <subfield code="d">HEBIS</subfield>
    <subfield code="d">GBVCP</subfield>
    <subfield code="d">GWDNB</subfield>
    <subfield code="d">UKMGB</subfield>
    <subfield code="d">OCLCQ</subfield>
    <subfield code="d">OCLCF</subfield>
    <subfield code="d">NOC</subfield>
    <subfield code="d">OCLCQ</subfield>
    <subfield code="d">JDP</subfield>
    <subfield code="d">OCLCO</subfield>
    <subfield code="d">OCLCA</subfield>
    <subfield code="d">OCLCQ</subfield>
    <subfield code="d">EUX</subfield>
    <subfield code="d">OCLCQ</subfield>
    <subfield code="d">DEHBZ</subfield>
    <subfield code="d">OCLCQ</subfield>
  </datafield>
  <datafield tag="042" ind1=" " ind2=" ">
    <subfield code="a">pcc</subfield>
  </datafield>
  <datafield tag="050" ind1="0" ind2="0">
    <subfield code="a">QH541.15.M63</subfield>
    <subfield code="b">M65</subfield>
  </datafield>
  <datafield tag="060" ind1="0" ind2="0">
    <subfield code="a">W1</subfield>
    <subfield code="b">MO196DT</subfield>
  </datafield>
  <datafield tag="210" ind1="0" ind2=" ">
    <subfield code="a">Mol. ecol. resour.</subfield>
    <subfield code="b">(Print)</subfield>
  </datafield>
  <datafield tag="222" ind1=" " ind2="0">
    <subfield code="a">Molecular ecology resources</subfield>
    <subfield code="b">(Print)</subfield>
  </datafield>
  <datafield tag="245" ind1="0" ind2="0">
    <subfield code="a">Molecular ecology resources.</subfield>
  </datafield>
  <datafield tag="260" ind1=" " ind2=" ">
    <subfield code="a">Oxford, England :</subfield>
    <subfield code="b">Blackwell Pub.</subfield>
  </datafield>
  <datafield tag="310" ind1=" " ind2=" ">
    <subfield code="a">Bimonthly</subfield>
  </datafield>
  <datafield tag="336" ind1=" " ind2=" ">
    <subfield code="a">text</subfield>
    <subfield code="b">txt</subfield>
    <subfield code="2">rdacontent</subfield>
  </datafield>
  <datafield tag="337" ind1=" " ind2=" ">
    <subfield code="a">unmediated</subfield>
    <subfield code="b">n</subfield>
    <subfield code="2">rdamedia</subfield>
  </datafield>
  <datafield tag="338" ind1=" " ind2=" ">
    <subfield code="a">volume</subfield>
    <subfield code="b">nc</subfield>
    <subfield code="2">rdacarrier</subfield>
  </datafield>
  <datafield tag="362" ind1="1" ind2=" ">
    <subfield code="a">Began with: Vol. 8, no. 1 (Jan. 2008).</subfield>
  </datafield>
  <datafield tag="500" ind1=" " ind2=" ">
    <subfield code="a">Articles are initially published online.</subfield>
  </datafield>
  <datafield tag="530" ind1=" " ind2=" ">
    <subfield code="a">Also issued online.</subfield>
  </datafield>
  <datafield tag="588" ind1=" " ind2=" ">
    <subfield code="a">Description based on first issue; title from cover.</subfield>
  </datafield>
  <datafield tag="588" ind1=" " ind2=" ">
    <subfield code="a">Latest issue consulted: Vol. 8, no. 3 (May 2008).</subfield>
  </datafield>
  <datafield tag="650" ind1=" " ind2="0">
    <subfield code="a">Molecular ecology</subfield>
    <subfield code="v">Periodicals.</subfield>
  </datafield>
  <datafield tag="650" ind1="1" ind2="2">
    <subfield code="a">Ecology.</subfield>
  </datafield>
  <datafield tag="650" ind1="2" ind2="2">
    <subfield code="a">Computational Biology.</subfield>
  </datafield>
  <datafield tag="650" ind1="2" ind2="2">
    <subfield code="a">Molecular Biology.</subfield>
  </datafield>
  <datafield tag="650" ind1=" " ind2="7">
    <subfield code="a">Molecular ecology.</subfield>
    <subfield code="2">fast</subfield>
    <subfield code="0">(OCoLC)fst01024786</subfield>
  </datafield>
  <datafield tag="655" ind1=" " ind2="2">
    <subfield code="a">Periodical.</subfield>
  </datafield>
  <datafield tag="655" ind1=" " ind2="7">
    <subfield code="a">Periodicals.</subfield>
    <subfield code="2">fast</subfield>
    <subfield code="0">(OCoLC)fst01411641</subfield>
  </datafield>
  <datafield tag="655" ind1=" " ind2="7">
    <subfield code="0">(DE-588)4067488-5</subfield>
    <subfield code="a">Zeitschrift</subfield>
    <subfield code="2">gnd-content</subfield>
  </datafield>
  <datafield tag="655" ind1=" " ind2="7">
    <subfield code="a">Periodicals.</subfield>
    <subfield code="2">lcgft</subfield>
  </datafield>
  <datafield tag="776" ind1="0" ind2="8">
    <subfield code="i">Online version:</subfield>
    <subfield code="t">Molecular ecology resources</subfield>
    <subfield code="x">1755-0998</subfield>
    <subfield code="w">(DLC)  2008233297</subfield>
    <subfield code="w">(OCoLC)190864867</subfield>
  </datafield>
  <datafield tag="780" ind1="0" ind2="0">
    <subfield code="t">Molecular ecology notes</subfield>
    <subfield code="x">1471-8278</subfield>
    <subfield code="w">(DLC)  2001242189</subfield>
    <subfield code="w">(OCoLC)47212488</subfield>
  </datafield>
  <datafield tag="787" ind1="0" ind2="8">
    <subfield code="i">Companion publication to:</subfield>
    <subfield code="t">Molecular ecology</subfield>
    <subfield code="x">0962-1083</subfield>
    <subfield code="w">(DLC)   93648931</subfield>
    <subfield code="w">(OCoLC)25447413</subfield>
  </datafield>
  <datafield tag="850" ind1=" " ind2=" ">
    <subfield code="a">DLC</subfield>
  </datafield>
  <datafield tag="859" ind1="4" ind2="1">
    <subfield code="u">http://www.blackwell-synergy.com/loi/men</subfield>
  </datafield>
  <datafield tag="906" ind1=" " ind2=" ">
    <subfield code="a">7</subfield>
    <subfield code="b">cbc</subfield>
    <subfield code="c">serials</subfield>
    <subfield code="d">2</subfield>
    <subfield code="e">ncip</subfield>
    <subfield code="f">20</subfield>
    <subfield code="g">n-oclcserc</subfield>
  </datafield>
  <datafield tag="925" ind1="0" ind2=" ">
    <subfield code="a">Acquire</subfield>
    <subfield code="b">1 shelf copy</subfield>
    <subfield code="x">policy default 2008-08-08</subfield>
  </datafield>
  <datafield tag="955" ind1=" " ind2=" ">
    <subfield code="a">db00 2008-06-26 to SERCAT2 Copycat Shelf</subfield>
    <subfield code="a">db21 2008-06-26</subfield>
    <subfield code="i">db21 2008-08-08</subfield>
    <subfield code="e">db21 2008-08-08</subfield>
    <subfield code="g">db21 2008-08-08 to Ser</subfield>
    <subfield code="a">Barcode 00196831538 returned from bindery 2010-05-05</subfield>
    <subfield code="a">Barcode 00196831551 returned from bindery 2010-05-05</subfield>
    <subfield code="a">Barcode 0019683154A returned from bindery 2010-05-05</subfield>
  </datafield>
</record>