
<record>
  <leader>03235ckm a22005417a 4500</leader>
  <controlfield tag="001">15417895</controlfield>
  <controlfield tag="005">20200101213039.0</controlfield>
  <controlfield tag="007">cr||||||||||||</controlfield>
  <controlfield tag="007">kj|co|</controlfield>
  <controlfield tag="008">050203s1859    ja nnn       u    knjpn  </controlfield>
  <datafield tag="906" ind1=" " ind2=" ">
    <subfield code="a">7</subfield>
    <subfield code="b">cbc</subfield>
    <subfield code="c">orignew</subfield>
    <subfield code="d">u</subfield>
    <subfield code="e">ncip</subfield>
    <subfield code="f">20</subfield>
    <subfield code="g">y-printpho</subfield>
  </datafield>
  <datafield tag="955" ind1=" " ind2=" ">
    <subfield code="a">qw44 2008-08r ; qw44 2011-09r</subfield>
  </datafield>
  <datafield tag="010" ind1=" " ind2=" ">
    <subfield code="a">  2008660302</subfield>
  </datafield>
  <datafield tag="035" ind1=" " ind2=" ">
    <subfield code="a">(DLC)jpd2005001287</subfield>
  </datafield>
  <datafield tag="037" ind1=" " ind2=" ">
    <subfield code="a">LC-DIG-jpd-01361</subfield>
    <subfield code="b">DLC</subfield>
    <subfield code="c">(digital file from original print)</subfield>
  </datafield>
  <datafield tag="037" ind1=" " ind2=" ">
    <subfield code="a">LC-USZC4-9958</subfield>
    <subfield code="b">DLC</subfield>
    <subfield code="c">(color film copy transparency)</subfield>
  </datafield>
  <datafield tag="040" ind1=" " ind2=" ">
    <subfield code="a">DLC</subfield>
    <subfield code="c">DLC</subfield>
    <subfield code="d">DLC</subfield>
    <subfield code="e">gihc</subfield>
  </datafield>
  <datafield tag="050" ind1="0" ind2="0">
    <subfield code="a">FP 2 - JPD,</subfield>
    <subfield code="b">no. 1284</subfield>
  </datafield>
  <datafield tag="100" ind1="1" ind2=" ">
    <subfield code="a">Utagawa, Hiroshige,</subfield>
    <subfield code="d">1826?-1869,</subfield>
    <subfield code="e">artist.</subfield>
  </datafield>
  <datafield tag="242" ind1="1" ind2="0">
    <subfield code="a">Hasedera in Yamato Province.</subfield>
    <subfield code="y">eng</subfield>
  </datafield>
  <datafield tag="245" ind1="1" ind2="0">
    <subfield code="a">Yamato hasedera</subfield>
    <subfield code="h">[graphic].</subfield>
  </datafield>
  <datafield tag="260" ind1=" " ind2=" ">
    <subfield code="c">1859.</subfield>
  </datafield>
  <datafield tag="300" ind1=" " ind2=" ">
    <subfield code="a">1 print :</subfield>
    <subfield code="b">woodcut, color ;</subfield>
    <subfield code="c">35.7 x 23.8 cm.</subfield>
  </datafield>
  <datafield tag="520" ind1="0" ind2=" ">
    <subfield code="a">Print shows a bird&apos;s-eye view of the Hasedera temple in the Yamato Province.</subfield>
  </datafield>
  <datafield tag="500" ind1=" " ind2=" ">
    <subfield code="a">Caption label from exhibit &quot;Sakura&quot;: Celestial View of the Hasedera Temple. Edo period (1600-1868) woodblock prints of famous places, called meisho-e, often contained seasonal indicators including an array of flowers and trees associated with particular times of year. Seen below clouds and cloud-like profusions of springtime sakura blossoms, this view by Hiroshige II (pupil and adopted son of the celebrated Andō Hiroshige) depicts the Hase-dera or Hase Temple, one of the most renowned pilgrimage sites in Japan mentioned in literary works going back to the Heian Period (794-1185). The temple is dedicated to the Bodhisattva Kannon, often referred to as the &quot;Goddess of Mercy.&quot;</subfield>
  </datafield>
  <datafield tag="540" ind1=" " ind2=" ">
    <subfield code="a">No known restrictions on publication.</subfield>
  </datafield>
  <datafield tag="500" ind1=" " ind2=" ">
    <subfield code="a">Title and other descriptive information compiled by Nichibunken-sponsored Edo print specialists in 2005-06.</subfield>
  </datafield>
  <datafield tag="500" ind1=" " ind2=" ">
    <subfield code="a">From the series: Shokoku meisho hyakkei : 100 famous views of Japan.</subfield>
  </datafield>
  <datafield tag="500" ind1=" " ind2=" ">
    <subfield code="a">Format: vertical Oban Nishikie.</subfield>
  </datafield>
  <datafield tag="506" ind1=" " ind2=" ">
    <subfield code="a">Restricted access; material extremely fragile;</subfield>
    <subfield code="c">please use online digital image.</subfield>
  </datafield>
  <datafield tag="580" ind1=" " ind2=" ">
    <subfield code="a">Forms part of: Japanese prints and drawings (Library of Congress).</subfield>
  </datafield>
  <datafield tag="580" ind1=" " ind2=" ">
    <subfield code="a">Forms part of: Visual materials from Donald D. Walker collection.</subfield>
  </datafield>
  <datafield tag="585" ind1=" " ind2=" ">
    <subfield code="a">Exhibited: &quot;Sakura : Cherry Blossom as Living Symbol of Friendship&quot; in the Graphic Arts Gallery, Thomas Jefferson Building, Library of Congress, Washington, D.C., 2012.</subfield>
  </datafield>
  <datafield tag="650" ind1=" " ind2="7">
    <subfield code="a">Buddhist temples</subfield>
    <subfield code="z">Japan</subfield>
    <subfield code="y">1850-1860.</subfield>
    <subfield code="2">lctgm</subfield>
  </datafield>
  <datafield tag="650" ind1=" " ind2="7">
    <subfield code="a">Wooden buildings</subfield>
    <subfield code="z">Japan</subfield>
    <subfield code="y">1850-1860.</subfield>
    <subfield code="2">lctgm</subfield>
  </datafield>
  <datafield tag="650" ind1=" " ind2="7">
    <subfield code="a">Flowers</subfield>
    <subfield code="z">Japan</subfield>
    <subfield code="y">1850-1860.</subfield>
    <subfield code="2">lctgm</subfield>
  </datafield>
  <datafield tag="655" ind1=" " ind2="7">
    <subfield code="a">Bird&apos;s-eye view prints</subfield>
    <subfield code="y">1850-1860.</subfield>
    <subfield code="2">gmgpc</subfield>
  </datafield>
  <datafield tag="655" ind1=" " ind2="7">
    <subfield code="a">Ukiyo-e</subfield>
    <subfield code="x">Japanese</subfield>
    <subfield code="x">Color</subfield>
    <subfield code="y">1850-1860.</subfield>
    <subfield code="2">gmgpc</subfield>
  </datafield>
  <datafield tag="655" ind1=" " ind2="7">
    <subfield code="a">Woodcuts</subfield>
    <subfield code="x">Japanese</subfield>
    <subfield code="x">Color</subfield>
    <subfield code="y">1850-1860.</subfield>
    <subfield code="2">gmgpc</subfield>
  </datafield>
  <datafield tag="852" ind1=" " ind2=" ">
    <subfield code="a">Library of Congress</subfield>
    <subfield code="b">Prints and Photographs Division</subfield>
    <subfield code="e">Washington, D.C. 20540 USA</subfield>
    <subfield code="n">dcu</subfield>
    <subfield code="u">http://hdl.loc.gov/loc.pnp/pp.print</subfield>
  </datafield>
  <datafield tag="856" ind1="4" ind2="1">
    <subfield code="3">digital file from original print</subfield>
    <subfield code="d">jpd</subfield>
    <subfield code="f">01361</subfield>
    <subfield code="q">p</subfield>
    <subfield code="u">http://hdl.loc.gov/loc.pnp/jpd.01361</subfield>
  </datafield>
  <datafield tag="856" ind1="4" ind2="1">
    <subfield code="3">digital file from color film copy transparency</subfield>
    <subfield code="d">cph</subfield>
    <subfield code="f">3g09958</subfield>
    <subfield code="q">p</subfield>
    <subfield code="u">http://hdl.loc.gov/loc.pnp/cph.3g09958</subfield>
  </datafield>
  <datafield tag="985" ind1=" " ind2=" ">
    <subfield code="a">pp/jpd</subfield>
  </datafield>
  <datafield tag="985" ind1=" " ind2=" ">
    <subfield code="e">pp/minload</subfield>
  </datafield>
  <datafield tag="985" ind1=" " ind2=" ">
    <subfield code="a">pp/exh</subfield>
    <subfield code="e">L4856 #21.00.00</subfield>
  </datafield>
  <datafield tag="985" ind1=" " ind2=" ">
    <subfield code="a">pp/diof</subfield>
  </datafield>
  <datafield tag="985" ind1=" " ind2=" ">
    <subfield code="a">pp/Flickrjpd22</subfield>
  </datafield>
  <datafield tag="991" ind1=" " ind2=" ">
    <subfield code="b">c-P&amp;P</subfield>
    <subfield code="m">(A size)</subfield>
    <subfield code="o">ppsd</subfield>
  </datafield>
</record>