
<record>
  <leader>03194ckm a22005297a 4500</leader>
  <controlfield tag="001">15486486</controlfield>
  <controlfield tag="005">20200101213114.0</controlfield>
  <controlfield tag="007">cr||||||||||||</controlfield>
  <controlfield tag="007">kj|co|</controlfield>
  <controlfield tag="008">050203q17721776ja nnn       u    knjpn  </controlfield>
  <datafield tag="906" ind1=" " ind2=" ">
    <subfield code="a">7</subfield>
    <subfield code="b">cbc</subfield>
    <subfield code="c">orignew</subfield>
    <subfield code="d">u</subfield>
    <subfield code="e">ncip</subfield>
    <subfield code="f">20</subfield>
    <subfield code="g">y-printpho</subfield>
  </datafield>
  <datafield tag="955" ind1=" " ind2=" ">
    <subfield code="a">qw44 2008-10r ; qw44 2011-09r</subfield>
  </datafield>
  <datafield tag="010" ind1=" " ind2=" ">
    <subfield code="a">  2008660831</subfield>
  </datafield>
  <datafield tag="035" ind1=" " ind2=" ">
    <subfield code="a">(DLC)jpd2005001918</subfield>
  </datafield>
  <datafield tag="037" ind1=" " ind2=" ">
    <subfield code="a">LC-DIG-jpd-02258</subfield>
    <subfield code="b">DLC</subfield>
    <subfield code="c">(digital file from original print)</subfield>
  </datafield>
  <datafield tag="040" ind1=" " ind2=" ">
    <subfield code="a">DLC</subfield>
    <subfield code="c">DLC</subfield>
    <subfield code="d">DLC</subfield>
    <subfield code="e">gihc</subfield>
  </datafield>
  <datafield tag="050" ind1="0" ind2="0">
    <subfield code="a">FP 2 - JPD,</subfield>
    <subfield code="b">no. 1917</subfield>
  </datafield>
  <datafield tag="245" ind1="0" ind2="0">
    <subfield code="a">Yayoi asukayama hanami</subfield>
    <subfield code="h">[graphic].</subfield>
  </datafield>
  <datafield tag="242" ind1="1" ind2="0">
    <subfield code="a">Third Lunar Month, Blossom Viewing at Asuka Hill.</subfield>
    <subfield code="y">eng</subfield>
  </datafield>
  <datafield tag="260" ind1=" " ind2=" ">
    <subfield code="c">[between 1772 and 1776]</subfield>
  </datafield>
  <datafield tag="300" ind1=" " ind2=" ">
    <subfield code="a">1 print :</subfield>
    <subfield code="b">woodcut, color ;</subfield>
    <subfield code="c">21.5 x 15.4 cm.</subfield>
  </datafield>
  <datafield tag="520" ind1="0" ind2=" ">
    <subfield code="a">Print shows three women and a man having a small tea party beneath blossoming cherry trees.</subfield>
  </datafield>
  <datafield tag="500" ind1=" " ind2=" ">
    <subfield code="a">Caption label from exhibi &quot;Sakura&quot;: Hanami: Blossom Viewing Party. Shigemasa&apos;s 18th-century hanami (flower viewing) party scene shows three women and a man at Asukayama Park, opened by Japanese Shōgun Tokugawa Yoshimune (1684-1751) who had its famous cherry trees transplanted there in 1720. Comfortably arranged on a ground cover inside a partial enclosure, they are likely enjoying warmed saké. Such parties continue to be a thriving Japanese pastime, replete with traditional sake and picnic blankets laid out hours in advance at the best sakura viewing spots. Above the image is a haiku poem describing both arboreal and human &quot;blossoms&quot;: Murekitaru / Hana mata hana no / Asuka-yama : All flocked together / Blossoms upon blossoms / Asuka Hill</subfield>
  </datafield>
  <datafield tag="540" ind1=" " ind2=" ">
    <subfield code="a">No known restrictions on publication.</subfield>
  </datafield>
  <datafield tag="500" ind1=" " ind2=" ">
    <subfield code="a">Title and other descriptive information compiled by Nichibunken-sponsored Edo print specialists in 2005-06.</subfield>
  </datafield>
  <datafield tag="500" ind1=" " ind2=" ">
    <subfield code="a">From the series: Jūnikagetsu : Twelve months.</subfield>
  </datafield>
  <datafield tag="500" ind1=" " ind2=" ">
    <subfield code="a">Format: vertical Koban Nishikie.</subfield>
  </datafield>
  <datafield tag="500" ind1=" " ind2=" ">
    <subfield code="a">Attributed to: Kitao Shigemasa.</subfield>
  </datafield>
  <datafield tag="506" ind1=" " ind2=" ">
    <subfield code="a">Restricted access; material extremely fragile;</subfield>
    <subfield code="c">please use online digital image.</subfield>
  </datafield>
  <datafield tag="580" ind1=" " ind2=" ">
    <subfield code="a">Forms part of: Japanese prints and drawings (Library of Congress).</subfield>
  </datafield>
  <datafield tag="585" ind1=" " ind2=" ">
    <subfield code="a">Exhibited: &quot;Sakura : Cherry Blossom as Living Symbol of Friendship&quot; in the Graphic Arts Gallery, Thomas Jefferson Building, Library of Congress, Washington, D.C., 2012.</subfield>
  </datafield>
  <datafield tag="650" ind1=" " ind2="7">
    <subfield code="a">Women</subfield>
    <subfield code="x">Clothing &amp; dress</subfield>
    <subfield code="z">Japan</subfield>
    <subfield code="y">1770-1780.</subfield>
    <subfield code="2">lctgm</subfield>
  </datafield>
  <datafield tag="650" ind1=" " ind2="7">
    <subfield code="a">Beauty</subfield>
    <subfield code="z">Japan</subfield>
    <subfield code="y">1770-1780.</subfield>
    <subfield code="2">lctgm</subfield>
  </datafield>
  <datafield tag="650" ind1=" " ind2="7">
    <subfield code="a">Tea parties</subfield>
    <subfield code="z">Japan</subfield>
    <subfield code="y">1770-1780.</subfield>
    <subfield code="2">lctgm</subfield>
  </datafield>
  <datafield tag="650" ind1=" " ind2="7">
    <subfield code="a">Cherry trees</subfield>
    <subfield code="z">Japan</subfield>
    <subfield code="y">1770-1780.</subfield>
    <subfield code="2">lctgm</subfield>
  </datafield>
  <datafield tag="650" ind1=" " ind2="7">
    <subfield code="a">Flowers</subfield>
    <subfield code="z">Japan</subfield>
    <subfield code="y">1770-1780.</subfield>
    <subfield code="2">lctgm</subfield>
  </datafield>
  <datafield tag="655" ind1=" " ind2="7">
    <subfield code="a">Ukiyo-e</subfield>
    <subfield code="x">Japanese</subfield>
    <subfield code="x">Color</subfield>
    <subfield code="y">1770-1780.</subfield>
    <subfield code="2">gmgpc</subfield>
  </datafield>
  <datafield tag="655" ind1=" " ind2="7">
    <subfield code="a">Woodcuts</subfield>
    <subfield code="x">Japanese</subfield>
    <subfield code="x">Color</subfield>
    <subfield code="y">1770-1780</subfield>
    <subfield code="x">Reproductions</subfield>
    <subfield code="y">1890-1940.</subfield>
    <subfield code="2">gmgpc</subfield>
  </datafield>
  <datafield tag="700" ind1="1" ind2=" ">
    <subfield code="a">Kitao, Shigemasa,</subfield>
    <subfield code="d">1739-1820,</subfield>
    <subfield code="e">artist.</subfield>
  </datafield>
  <datafield tag="852" ind1=" " ind2=" ">
    <subfield code="a">Library of Congress</subfield>
    <subfield code="b">Prints and Photographs Division</subfield>
    <subfield code="e">Washington, D.C. 20540 USA</subfield>
    <subfield code="n">dcu</subfield>
    <subfield code="u">http://hdl.loc.gov/loc.pnp/pp.print</subfield>
  </datafield>
  <datafield tag="856" ind1="4" ind2="1">
    <subfield code="3">digital file from original print</subfield>
    <subfield code="d">jpd</subfield>
    <subfield code="f">02258</subfield>
    <subfield code="q">p</subfield>
    <subfield code="u">http://hdl.loc.gov/loc.pnp/jpd.02258</subfield>
  </datafield>
  <datafield tag="985" ind1=" " ind2=" ">
    <subfield code="a">pp/jpd</subfield>
  </datafield>
  <datafield tag="985" ind1=" " ind2=" ">
    <subfield code="e">pp/minload</subfield>
  </datafield>
  <datafield tag="985" ind1=" " ind2=" ">
    <subfield code="a">pp/exh</subfield>
    <subfield code="e">L4856 #19.00.00</subfield>
  </datafield>
  <datafield tag="985" ind1=" " ind2=" ">
    <subfield code="a">pp/diof</subfield>
  </datafield>
  <datafield tag="985" ind1=" " ind2=" ">
    <subfield code="a">pp/Flickrjpd20</subfield>
  </datafield>
  <datafield tag="991" ind1=" " ind2=" ">
    <subfield code="b">c-P&amp;P</subfield>
    <subfield code="m">(AA size)</subfield>
    <subfield code="o">ppsd</subfield>
  </datafield>
</record>