
<record>
  <leader>04190cas a2200673 a 4500</leader>
  <controlfield tag="001">15672719</controlfield>
  <controlfield tag="005">20200101075700.0</controlfield>
  <controlfield tag="007">cr mnu||||||||</controlfield>
  <controlfield tag="008">080721c20089999vramr p      f0   a0eng d</controlfield>
  <datafield tag="010" ind1=" " ind2=" ">
    <subfield code="a">  2009210038</subfield>
  </datafield>
  <datafield tag="016" ind1="7" ind2=" ">
    <subfield code="a">991991257</subfield>
    <subfield code="2">DE-101</subfield>
  </datafield>
  <datafield tag="016" ind1="7" ind2=" ">
    <subfield code="a">2472536-5</subfield>
    <subfield code="2">DE-600</subfield>
  </datafield>
  <datafield tag="016" ind1="7" ind2=" ">
    <subfield code="a">014696071</subfield>
    <subfield code="2">Uk</subfield>
  </datafield>
  <datafield tag="022" ind1=" " ind2=" ">
    <subfield code="a">1836-0947</subfield>
    <subfield code="l">1836-0947</subfield>
  </datafield>
  <datafield tag="035" ind1=" " ind2=" ">
    <subfield code="a">(OCoLC)ocn271792600</subfield>
  </datafield>
  <datafield tag="037" ind1=" " ind2=" ">
    <subfield code="b">CSIRO Publishing, PO Box 1139, Collingwood VIC 3066, Australia ; ph. (03) 9662 7500 ; fax (03) 9662 7555 ; email publishing.sales@csiro.au</subfield>
  </datafield>
  <datafield tag="040" ind1=" " ind2=" ">
    <subfield code="a">AU@</subfield>
    <subfield code="b">eng</subfield>
    <subfield code="c">AU@</subfield>
    <subfield code="d">CUD</subfield>
    <subfield code="d">DLC</subfield>
    <subfield code="d">OCLCQ</subfield>
    <subfield code="d">HEBIS</subfield>
    <subfield code="d">GBVCP</subfield>
    <subfield code="d">GWDNB</subfield>
    <subfield code="d">UKMGB</subfield>
    <subfield code="d">DLC</subfield>
    <subfield code="d">OCLCF</subfield>
    <subfield code="d">OCLCO</subfield>
    <subfield code="d">UV0</subfield>
    <subfield code="d">DEBBG</subfield>
    <subfield code="d">IUL</subfield>
    <subfield code="d">OCLCQ</subfield>
    <subfield code="d">NJR</subfield>
    <subfield code="d">OCLCQ</subfield>
    <subfield code="d">TKN</subfield>
    <subfield code="d">CRU</subfield>
    <subfield code="d">OCLCA</subfield>
    <subfield code="d">OCLCQ</subfield>
  </datafield>
  <datafield tag="042" ind1=" " ind2=" ">
    <subfield code="a">lccopycat</subfield>
  </datafield>
  <datafield tag="043" ind1=" " ind2=" ">
    <subfield code="a">u-at---</subfield>
  </datafield>
  <datafield tag="050" ind1="0" ind2="0">
    <subfield code="a">S17</subfield>
    <subfield code="b">.A94</subfield>
  </datafield>
  <datafield tag="084" ind1=" " ind2=" ">
    <subfield code="a">630</subfield>
    <subfield code="a">640</subfield>
    <subfield code="a">670</subfield>
    <subfield code="2">zdbs</subfield>
  </datafield>
  <datafield tag="084" ind1=" " ind2=" ">
    <subfield code="a">48.50</subfield>
    <subfield code="2">bcl</subfield>
  </datafield>
  <datafield tag="084" ind1=" " ind2=" ">
    <subfield code="a">48.58</subfield>
    <subfield code="2">bcl</subfield>
  </datafield>
  <datafield tag="084" ind1=" " ind2=" ">
    <subfield code="a">630</subfield>
    <subfield code="2">sdnb</subfield>
  </datafield>
  <datafield tag="084" ind1=" " ind2=" ">
    <subfield code="a">640</subfield>
    <subfield code="2">sdnb</subfield>
  </datafield>
  <datafield tag="222" ind1=" " ind2="0">
    <subfield code="a">Crop and pasture science</subfield>
  </datafield>
  <datafield tag="245" ind1="0" ind2="0">
    <subfield code="a">Crop &amp; pasture science.</subfield>
  </datafield>
  <datafield tag="246" ind1="1" ind2="3">
    <subfield code="a">Crop and pasture science</subfield>
  </datafield>
  <datafield tag="260" ind1=" " ind2=" ">
    <subfield code="a">Collingwood, Vic. :</subfield>
    <subfield code="b">CSIRO Pub.</subfield>
  </datafield>
  <datafield tag="300" ind1=" " ind2=" ">
    <subfield code="a">volumes</subfield>
  </datafield>
  <datafield tag="310" ind1=" " ind2=" ">
    <subfield code="a">Monthly</subfield>
  </datafield>
  <datafield tag="336" ind1=" " ind2=" ">
    <subfield code="a">text</subfield>
    <subfield code="b">txt</subfield>
    <subfield code="2">rdacontent</subfield>
  </datafield>
  <datafield tag="337" ind1=" " ind2=" ">
    <subfield code="a">unmediated</subfield>
    <subfield code="b">n</subfield>
    <subfield code="2">rdamedia</subfield>
  </datafield>
  <datafield tag="338" ind1=" " ind2=" ">
    <subfield code="a">volume</subfield>
    <subfield code="b">nc</subfield>
    <subfield code="2">rdacarrier</subfield>
  </datafield>
  <datafield tag="362" ind1="0" ind2=" ">
    <subfield code="a">Vol. 60, no. 1 (Jan. 2009)-</subfield>
  </datafield>
  <datafield tag="500" ind1=" " ind2=" ">
    <subfield code="a">ISSN record.</subfield>
  </datafield>
  <datafield tag="500" ind1=" " ind2=" ">
    <subfield code="a">Title from cover.</subfield>
  </datafield>
  <datafield tag="520" ind1="2" ind2=" ">
    <subfield code="a">Crop &amp; pasture science (continuing Australian Journal of Agricultural Research) is an international scientific journal publishing significant outcomes of research into product quality and sustainability of crop and pasture systems. The journal&apos;s primary focus is broad-scale cereals, grain legumes, oil seeds, tree crops, and pastures. Papers are encouraged that advance understanding in plant-based agricultural systems through the use of well-defined and original aims, innovative and rigorous experimental design, and strong interpretation. The journal embraces experimental approaches from molecular to whole systems level. The target readership of Crop &amp; Pasture Science is agricultural scientists and plant biologists, industry, administrators, policy-makers, and others with an interest in the challenges and opportunities facing agricultural production. -- Publisher&apos;s website [http://www.publish.csiro.au/nid/40/aid/195.htm].</subfield>
  </datafield>
  <datafield tag="520" ind1="2" ind2=" ">
    <subfield code="a">Specific areas of interest include: Grain/seed quality and nutritional value; Plant improvement using innovative genetics, breeding methods, or analyses; Understanding genotype x environment interactions; Plant-soil interactions; Water relations; Cropping options and systems to improve productivity; Pasture production and management; Integrated land and water resources management in agricultural systems. -- Publisher&apos;s website.</subfield>
  </datafield>
  <datafield tag="550" ind1=" " ind2=" ">
    <subfield code="a">Published with the Commonwealth Scientific and Industrial Research Organization and the Australian Academy of Science.</subfield>
  </datafield>
  <datafield tag="650" ind1=" " ind2="0">
    <subfield code="a">Agriculture</subfield>
    <subfield code="v">Periodicals.</subfield>
  </datafield>
  <datafield tag="650" ind1=" " ind2="0">
    <subfield code="a">Agriculture</subfield>
    <subfield code="z">Australia</subfield>
    <subfield code="v">Periodicals.</subfield>
  </datafield>
  <datafield tag="650" ind1=" " ind2="0">
    <subfield code="a">Agriculture</subfield>
    <subfield code="x">Research</subfield>
    <subfield code="z">Australia</subfield>
    <subfield code="v">Periodicals.</subfield>
  </datafield>
  <datafield tag="650" ind1=" " ind2="7">
    <subfield code="a">Agriculture.</subfield>
    <subfield code="2">fast</subfield>
    <subfield code="0">(OCoLC)fst00801355</subfield>
  </datafield>
  <datafield tag="650" ind1=" " ind2="7">
    <subfield code="a">Agriculture</subfield>
    <subfield code="x">Research.</subfield>
    <subfield code="2">fast</subfield>
    <subfield code="0">(OCoLC)fst00801593</subfield>
  </datafield>
  <datafield tag="651" ind1=" " ind2="7">
    <subfield code="a">Australia.</subfield>
    <subfield code="2">fast</subfield>
    <subfield code="0">(OCoLC)fst01204543</subfield>
  </datafield>
  <datafield tag="655" ind1=" " ind2="7">
    <subfield code="a">Periodicals.</subfield>
    <subfield code="2">fast</subfield>
    <subfield code="0">(OCoLC)fst01411641</subfield>
  </datafield>
  <datafield tag="710" ind1="2" ind2=" ">
    <subfield code="a">CSIRO (Australia)</subfield>
  </datafield>
  <datafield tag="710" ind1="2" ind2=" ">
    <subfield code="a">Australian Academy of Science.</subfield>
  </datafield>
  <datafield tag="776" ind1="0" ind2="8">
    <subfield code="i">Online version:</subfield>
    <subfield code="t">Crop &amp; pasture science (Online)</subfield>
    <subfield code="x">1836-5795</subfield>
    <subfield code="w">(DLC)  2009233152</subfield>
    <subfield code="w">(OCoLC)298950462</subfield>
  </datafield>
  <datafield tag="780" ind1="0" ind2="0">
    <subfield code="t">Australian journal of agricultural research</subfield>
    <subfield code="x">0004-9409</subfield>
    <subfield code="w">(DLC)   52064457</subfield>
    <subfield code="w">(OCoLC)1518809</subfield>
  </datafield>
  <datafield tag="850" ind1=" " ind2=" ">
    <subfield code="a">DLC</subfield>
  </datafield>
  <datafield tag="859" ind1="4" ind2="1">
    <subfield code="u">http://www.publish.csiro.au/nid/40.htm</subfield>
  </datafield>
  <datafield tag="859" ind1="4" ind2="1">
    <subfield code="u">http://www.lib.utk.edu/cgi-bin/auth/connect.cgi?sfxejournal=1836-0947</subfield>
  </datafield>
  <datafield tag="859" ind1="4" ind2="0">
    <subfield code="3">Full text available : 2012 to present .</subfield>
    <subfield code="u">http://www.bioone.org/loi/cpsc</subfield>
    <subfield code="x">EBMR:</subfield>
    <subfield code="z">Available in BioOne.1 BioOne</subfield>
    <subfield code="z">Rutgers restricted</subfield>
  </datafield>
  <datafield tag="859" ind1="4" ind2="0">
    <subfield code="3">Full text available : 2009 - 2014 .</subfield>
    <subfield code="u">http://www.publish.csiro.au/cp</subfield>
    <subfield code="x">EBMR:</subfield>
    <subfield code="z">Available in CSIRO Publishing CSIRO Publishing</subfield>
    <subfield code="z">Rutgers restricted</subfield>
  </datafield>
  <datafield tag="923" ind1=" " ind2=" ">
    <subfield code="a">Exchange</subfield>
    <subfield code="s">National Lib of Australia.</subfield>
  </datafield>
  <datafield tag="925" ind1="0" ind2=" ">
    <subfield code="a">Acquire</subfield>
    <subfield code="b">1 shelf copy</subfield>
    <subfield code="x">policy default</subfield>
  </datafield>
  <datafield tag="955" ind1=" " ind2=" ">
    <subfield code="a">hc07 2009-03-24</subfield>
    <subfield code="i">hc07 2009-03-25 returned to Allen Wayner</subfield>
  </datafield>
</record>