
<record>
  <leader>03290ckm a22005177a 4500</leader>
  <controlfield tag="001">15678886</controlfield>
  <controlfield tag="005">20200101212531.0</controlfield>
  <controlfield tag="007">kj co </controlfield>
  <controlfield tag="007">cr |||||||||||</controlfield>
  <controlfield tag="008">090330s1857    ja nnn            knjpn  </controlfield>
  <datafield tag="906" ind1=" " ind2=" ">
    <subfield code="a">7</subfield>
    <subfield code="b">cbc</subfield>
    <subfield code="c">orignew</subfield>
    <subfield code="d">u</subfield>
    <subfield code="e">ncip</subfield>
    <subfield code="f">20</subfield>
    <subfield code="g">y-printpho</subfield>
  </datafield>
  <datafield tag="955" ind1=" " ind2=" ">
    <subfield code="a">qw44 2009-03 ; qw44 2011-09r</subfield>
  </datafield>
  <datafield tag="010" ind1=" " ind2=" ">
    <subfield code="a">  2009631859</subfield>
  </datafield>
  <datafield tag="037" ind1=" " ind2=" ">
    <subfield code="a">LC-DIG-jpd-02920</subfield>
    <subfield code="b">DLC</subfield>
    <subfield code="c">(digital file from original print)</subfield>
  </datafield>
  <datafield tag="040" ind1=" " ind2=" ">
    <subfield code="a">DLC</subfield>
    <subfield code="c">DLC</subfield>
    <subfield code="d">DLC</subfield>
    <subfield code="e">gihc</subfield>
  </datafield>
  <datafield tag="050" ind1="0" ind2="0">
    <subfield code="a">FP 2 - JPD,</subfield>
    <subfield code="b">no. 1300, p. 3</subfield>
  </datafield>
  <datafield tag="100" ind1="1" ind2=" ">
    <subfield code="a">Andō, Hiroshige,</subfield>
    <subfield code="d">1797-1858,</subfield>
    <subfield code="e">artist.</subfield>
  </datafield>
  <datafield tag="242" ind1="1" ind2="0">
    <subfield code="a">View from Massaki of Suijin Shrine, Uchigawa Inlet, and Sekiya.</subfield>
    <subfield code="y">eng</subfield>
  </datafield>
  <datafield tag="245" ind1="1" ind2="0">
    <subfield code="a">Massaki-hen yori Suijin no mori uchigawa sekiya no sato o miru zu</subfield>
    <subfield code="h">[graphic].</subfield>
  </datafield>
  <datafield tag="260" ind1=" " ind2=" ">
    <subfield code="c">[1857]</subfield>
  </datafield>
  <datafield tag="300" ind1=" " ind2=" ">
    <subfield code="a">1 print :</subfield>
    <subfield code="b">woodcut, color ;</subfield>
    <subfield code="c">36.3 x 24.1 cm.</subfield>
  </datafield>
  <datafield tag="520" ind1="0" ind2=" ">
    <subfield code="a">Print shows a view through a semi-circle of boats on the Uchi River inlet, with blossoms in the foreground and distant view of the Suijin shrine.</subfield>
  </datafield>
  <datafield tag="500" ind1=" " ind2=" ">
    <subfield code="a">Caption label from exhibit &quot;Sakura&quot;: Plum Blossoms in Early Spring. Hiroshige&apos;s window-framed view is punctuated by a flowering branch of budding plum or ume. Ume, which blooms in early spring, have strong connections to the Asian continent, especially in Chinese poetry and painting, in which they are often portrayed together with the melodious uguisu, or &quot;bush warbler.&quot; Its blossoms were a popular inspiration for springtime flower appreciation including hanami (flower viewing) parties in early Japanese culture before the primary focus moved to sakura blossoms. The perspective taken in this image may be from the second-story window of one of several restaurants at the Massaki Inari Shrine, looking across the Sumida River.</subfield>
  </datafield>
  <datafield tag="540" ind1=" " ind2=" ">
    <subfield code="a">No known restrictions on publication.</subfield>
  </datafield>
  <datafield tag="500" ind1=" " ind2=" ">
    <subfield code="a">Title and other descriptive information compiled by Nichibunken-sponsored Edo print specialists in 2005-06.</subfield>
  </datafield>
  <datafield tag="500" ind1=" " ind2=" ">
    <subfield code="a">From the series: Meisho edo hyakkei : 100 famous views of Edo.</subfield>
  </datafield>
  <datafield tag="500" ind1=" " ind2=" ">
    <subfield code="a">Format: vertical Oban Nishikie.</subfield>
  </datafield>
  <datafield tag="500" ind1=" " ind2=" ">
    <subfield code="a">Illus. in album: Gajō icchō, p. 3.</subfield>
  </datafield>
  <datafield tag="506" ind1=" " ind2=" ">
    <subfield code="a">Restricted access; material extremely fragile;</subfield>
    <subfield code="c">please use online digital image.</subfield>
  </datafield>
  <datafield tag="580" ind1=" " ind2=" ">
    <subfield code="a">Forms part of: Visual materials from Donald D. Walker collection.</subfield>
  </datafield>
  <datafield tag="580" ind1=" " ind2=" ">
    <subfield code="a">Forms part of: Japanese prints and drawings (Library of Congress).</subfield>
  </datafield>
  <datafield tag="585" ind1=" " ind2=" ">
    <subfield code="a">Exhibited: &quot;Sakura : Cherry Blossom as Living Symbol of Friendship&quot; in the Graphic Arts Gallery, Thomas Jefferson Building, Library of Congress, Washington, D.C., 2012.</subfield>
  </datafield>
  <datafield tag="650" ind1=" " ind2="7">
    <subfield code="a">Rivers</subfield>
    <subfield code="z">Japan</subfield>
    <subfield code="z">Tokyo</subfield>
    <subfield code="y">1850-1860.</subfield>
    <subfield code="2">lctgm</subfield>
  </datafield>
  <datafield tag="650" ind1=" " ind2="7">
    <subfield code="a">Shipping</subfield>
    <subfield code="z">Japan</subfield>
    <subfield code="z">Tokyo</subfield>
    <subfield code="y">1850-1860.</subfield>
    <subfield code="2">lctgm</subfield>
  </datafield>
  <datafield tag="650" ind1=" " ind2="7">
    <subfield code="a">Shrines</subfield>
    <subfield code="z">Japan</subfield>
    <subfield code="z">Tokyo</subfield>
    <subfield code="y">1850-1860.</subfield>
    <subfield code="2">lctgm</subfield>
  </datafield>
  <datafield tag="650" ind1=" " ind2="7">
    <subfield code="a">City &amp; town life</subfield>
    <subfield code="z">Japan</subfield>
    <subfield code="z">Tokyo</subfield>
    <subfield code="y">1850-1860.</subfield>
    <subfield code="2">lctgm</subfield>
  </datafield>
  <datafield tag="651" ind1=" " ind2="4">
    <subfield code="a">Tokyo (Japan)</subfield>
    <subfield code="y">1850-1860.</subfield>
  </datafield>
  <datafield tag="655" ind1=" " ind2="7">
    <subfield code="a">Ukiyo-e</subfield>
    <subfield code="x">Japanese</subfield>
    <subfield code="x">Color</subfield>
    <subfield code="y">1850-1860.</subfield>
    <subfield code="2">gmgpc</subfield>
  </datafield>
  <datafield tag="655" ind1=" " ind2="7">
    <subfield code="a">Woodcuts</subfield>
    <subfield code="x">Japanese</subfield>
    <subfield code="x">Color</subfield>
    <subfield code="y">1850-1860.</subfield>
    <subfield code="2">gmgpc</subfield>
  </datafield>
  <datafield tag="852" ind1=" " ind2=" ">
    <subfield code="a">Library of Congress</subfield>
    <subfield code="b">Prints and Photographs Division</subfield>
    <subfield code="e">Washington, D.C. 20540 USA</subfield>
    <subfield code="n">dcu</subfield>
    <subfield code="u">http://hdl.loc.gov/loc.pnp/pp.print</subfield>
  </datafield>
  <datafield tag="856" ind1="4" ind2="1">
    <subfield code="3">digital files from original prints</subfield>
    <subfield code="d">jpd</subfield>
    <subfield code="f">02920</subfield>
    <subfield code="q">p</subfield>
    <subfield code="u">http://hdl.loc.gov/loc.pnp/jpd.02920</subfield>
  </datafield>
  <datafield tag="985" ind1=" " ind2=" ">
    <subfield code="a">pp/jpd</subfield>
  </datafield>
  <datafield tag="985" ind1=" " ind2=" ">
    <subfield code="a">pp/exh</subfield>
    <subfield code="e">L4856 #31.00.00</subfield>
  </datafield>
  <datafield tag="985" ind1=" " ind2=" ">
    <subfield code="a">pp/diof</subfield>
  </datafield>
  <datafield tag="985" ind1=" " ind2=" ">
    <subfield code="a">pp/Flickrjpd18</subfield>
  </datafield>
  <datafield tag="991" ind1=" " ind2=" ">
    <subfield code="b">c-P&amp;P</subfield>
    <subfield code="m">(AA size)</subfield>
  </datafield>
</record>