
<record>
  <leader>02572ckm a22004697a 4500</leader>
  <controlfield tag="001">15772669</controlfield>
  <controlfield tag="005">20200101212803.0</controlfield>
  <controlfield tag="007">cr||||||||||||</controlfield>
  <controlfield tag="007">kj|co|</controlfield>
  <controlfield tag="008">050203q17821783ja nnn            knjpn  </controlfield>
  <datafield tag="906" ind1=" " ind2=" ">
    <subfield code="a">7</subfield>
    <subfield code="b">cbc</subfield>
    <subfield code="c">orignew</subfield>
    <subfield code="d">u</subfield>
    <subfield code="e">ncip</subfield>
    <subfield code="f">20</subfield>
    <subfield code="g">y-printpho</subfield>
  </datafield>
  <datafield tag="955" ind1=" " ind2=" ">
    <subfield code="a">qw44 2009-06r</subfield>
  </datafield>
  <datafield tag="010" ind1=" " ind2=" ">
    <subfield code="a">  2009615524</subfield>
  </datafield>
  <datafield tag="035" ind1=" " ind2=" ">
    <subfield code="a">(DLC)jpd2005000530</subfield>
  </datafield>
  <datafield tag="037" ind1=" " ind2=" ">
    <subfield code="a">LC-DIG-jpd-00553</subfield>
    <subfield code="b">DLC</subfield>
    <subfield code="c">(digital file from original print)</subfield>
  </datafield>
  <datafield tag="040" ind1=" " ind2=" ">
    <subfield code="a">DLC</subfield>
    <subfield code="c">DLC</subfield>
    <subfield code="e">gihc</subfield>
  </datafield>
  <datafield tag="050" ind1="0" ind2="0">
    <subfield code="a">FP 2 - JPD,</subfield>
    <subfield code="b">no. 530</subfield>
  </datafield>
  <datafield tag="100" ind1="1" ind2=" ">
    <subfield code="a">Torii, Kiyonaga,</subfield>
    <subfield code="d">1752-1815,</subfield>
    <subfield code="e">artist.</subfield>
  </datafield>
  <datafield tag="242" ind1="1" ind2="0">
    <subfield code="a">Two beauties under a cherry tree.</subfield>
    <subfield code="y">eng</subfield>
  </datafield>
  <datafield tag="245" ind1="1" ind2="0">
    <subfield code="a">Ouka no nibijin</subfield>
    <subfield code="h">[graphic].</subfield>
  </datafield>
  <datafield tag="260" ind1=" " ind2=" ">
    <subfield code="c">[1782 or 1783]</subfield>
  </datafield>
  <datafield tag="300" ind1=" " ind2=" ">
    <subfield code="a">1 print :</subfield>
    <subfield code="b">woodcut, color ;</subfield>
    <subfield code="c">69 x 11.8 cm.</subfield>
  </datafield>
  <datafield tag="520" ind1="0" ind2=" ">
    <subfield code="a">Print shows two women standing beneath a blossoming cherry tree.</subfield>
  </datafield>
  <datafield tag="500" ind1=" " ind2=" ">
    <subfield code="a">Caption label from exhibit &quot;Sakura&quot;: Elegant Beauties. Seasonal themes were popular with ukiyo-e (literally &quot;pictures of the floating world&quot;) artists of the Edo Period (1600-1868) whose images often reflected the life of the theater and pleasure districts in the city of Edo, now Tokyo. The tall, slender beauties in Kiyonaga&apos;s image echo its elongated format. Such images, called hashira-e or &quot;pillar pictures&quot;, were ideal for display on pillars in architectural spaces.</subfield>
  </datafield>
  <datafield tag="506" ind1=" " ind2=" ">
    <subfield code="a">Restricted access; material extremely fragile;</subfield>
    <subfield code="c">please use online digital image.</subfield>
  </datafield>
  <datafield tag="540" ind1=" " ind2=" ">
    <subfield code="a">No known restrictions on publication.</subfield>
  </datafield>
  <datafield tag="500" ind1=" " ind2=" ">
    <subfield code="a">Title and other descriptive information compiled by Nichibunken-sponsored Edo print specialists in 2005-2006.</subfield>
  </datafield>
  <datafield tag="500" ind1=" " ind2=" ">
    <subfield code="a">Format: Hashirae Nishikie.</subfield>
  </datafield>
  <datafield tag="580" ind1=" " ind2=" ">
    <subfield code="a">Forms part of: Japanese prints and drawings (Library of Congress).</subfield>
  </datafield>
  <datafield tag="585" ind1=" " ind2=" ">
    <subfield code="a">Exhibited: &quot;Sakura : Cherry Blossom as Living Symbol of Friendship&quot; in the Graphic Arts Gallery, Thomas Jefferson Building, Library of Congress, Washington, D.C., 2012.</subfield>
  </datafield>
  <datafield tag="650" ind1=" " ind2="7">
    <subfield code="a">Women</subfield>
    <subfield code="x">Social life</subfield>
    <subfield code="z">Japan</subfield>
    <subfield code="y">1780-1790.</subfield>
    <subfield code="2">lctgm</subfield>
  </datafield>
  <datafield tag="650" ind1=" " ind2="7">
    <subfield code="a">Beauty</subfield>
    <subfield code="z">Japan</subfield>
    <subfield code="y">1780-1790.</subfield>
    <subfield code="2">lctgm</subfield>
  </datafield>
  <datafield tag="650" ind1=" " ind2="7">
    <subfield code="a">Flowers</subfield>
    <subfield code="z">Japan</subfield>
    <subfield code="y">1780-1790.</subfield>
    <subfield code="2">lctgm</subfield>
  </datafield>
  <datafield tag="650" ind1=" " ind2="7">
    <subfield code="a">Cherry trees</subfield>
    <subfield code="z">Japan</subfield>
    <subfield code="y">1780-1790.</subfield>
    <subfield code="2">lctgm</subfield>
  </datafield>
  <datafield tag="655" ind1=" " ind2="7">
    <subfield code="a">Pillar prints</subfield>
    <subfield code="y">1780-1790.</subfield>
    <subfield code="2">gmgpc</subfield>
  </datafield>
  <datafield tag="655" ind1=" " ind2="7">
    <subfield code="a">Ukiyo-e</subfield>
    <subfield code="x">Japanese</subfield>
    <subfield code="y">1780-1790.</subfield>
    <subfield code="2">gmgpc</subfield>
  </datafield>
  <datafield tag="655" ind1=" " ind2="7">
    <subfield code="a">Woodcuts</subfield>
    <subfield code="x">Japanese</subfield>
    <subfield code="x">Color</subfield>
    <subfield code="y">1780-1790.</subfield>
    <subfield code="2">gmgpc</subfield>
  </datafield>
  <datafield tag="852" ind1=" " ind2=" ">
    <subfield code="a">Library of Congress</subfield>
    <subfield code="b">Prints and Photographs Division</subfield>
    <subfield code="e">Washington, D.C. 20540 USA</subfield>
    <subfield code="n">dcu</subfield>
    <subfield code="u">http://hdl.loc.gov/loc.pnp/pp.print</subfield>
  </datafield>
  <datafield tag="856" ind1="4" ind2="1">
    <subfield code="3">digital file from original print</subfield>
    <subfield code="d">jpd</subfield>
    <subfield code="f">00553</subfield>
    <subfield code="q">p</subfield>
    <subfield code="u">http://hdl.loc.gov/loc.pnp/jpd.00553</subfield>
  </datafield>
  <datafield tag="985" ind1=" " ind2=" ">
    <subfield code="a">pp/jpd</subfield>
  </datafield>
  <datafield tag="985" ind1=" " ind2=" ">
    <subfield code="a">pp/diof</subfield>
  </datafield>
  <datafield tag="991" ind1=" " ind2=" ">
    <subfield code="b">c-P&amp;P</subfield>
    <subfield code="m">(E size)</subfield>
    <subfield code="o">ppsd</subfield>
  </datafield>
</record>