
<record>
  <leader>02494ckd a22004213a 4500</leader>
  <controlfield tag="001">16071351</controlfield>
  <controlfield tag="005">20200101214544.0</controlfield>
  <controlfield tag="007">cr||||||||||||</controlfield>
  <controlfield tag="007">ki|c||</controlfield>
  <controlfield tag="008">100105s2007    xxunnn| |||||u||||kneng  </controlfield>
  <datafield tag="906" ind1=" " ind2=" ">
    <subfield code="a">0</subfield>
    <subfield code="b">cbc</subfield>
    <subfield code="c">orignew</subfield>
    <subfield code="d">u</subfield>
    <subfield code="e">ncip</subfield>
    <subfield code="f">20</subfield>
    <subfield code="g">y-printpho</subfield>
  </datafield>
  <datafield tag="035" ind1=" " ind2=" ">
    <subfield code="a">(DLC)hig2010000038</subfield>
  </datafield>
  <datafield tag="010" ind1=" " ind2=" ">
    <subfield code="a">  2010630036</subfield>
  </datafield>
  <datafield tag="037" ind1=" " ind2=" ">
    <subfield code="a">LC-DIG-highsm-04037</subfield>
    <subfield code="b">DLC</subfield>
    <subfield code="c">(original digital file)</subfield>
  </datafield>
  <datafield tag="040" ind1=" " ind2=" ">
    <subfield code="a">DLC</subfield>
    <subfield code="c">DLC</subfield>
    <subfield code="e">gihc</subfield>
  </datafield>
  <datafield tag="050" ind1="0" ind2="0">
    <subfield code="a">LC-DIG-highsm-</subfield>
    <subfield code="b">04037</subfield>
  </datafield>
  <datafield tag="100" ind1="1" ind2=" ">
    <subfield code="a">Highsmith, Carol M.,</subfield>
    <subfield code="d">1946-</subfield>
    <subfield code="e">photographer.</subfield>
  </datafield>
  <datafield tag="245" ind1="1" ind2="0">
    <subfield code="a">Washington Monument, Washington, D.C.</subfield>
    <subfield code="h">[graphic].</subfield>
  </datafield>
  <datafield tag="260" ind1=" " ind2=" ">
    <subfield code="c">2007 April 2.</subfield>
  </datafield>
  <datafield tag="300" ind1=" " ind2=" ">
    <subfield code="a">1 photograph :</subfield>
    <subfield code="b">digital, TIFF file, color.</subfield>
  </datafield>
  <datafield tag="500" ind1=" " ind2=" ">
    <subfield code="a">Caption label from exhibit &quot;Sakura&quot;: Twenty-First century Sakura. In this contemporary view of the Tidal Basin blossoms, the Washington Monument obelisk soars between earth and sky. Photographer Carol M. Highsmith is documenting the cities, towns and countryside of 21st-century America, and the life of its people, then donating the images copyright-free to the Library of Congress to ensure worldwide access and preservation. Highsmith is a Maryland resident who credits pioneering D.C. photographer Frances Benjamin Johnston as a key influence on her work.</subfield>
  </datafield>
  <datafield tag="500" ind1=" " ind2=" ">
    <subfield code="a">Style: &quot;Neutral.&quot;</subfield>
  </datafield>
  <datafield tag="500" ind1=" " ind2=" ">
    <subfield code="a">Title, date, and subjects provided by the photographer.</subfield>
  </datafield>
  <datafield tag="524" ind1="8" ind2=" ">
    <subfield code="a">Credit line: Carol M. Highsmith&apos;s America, Library of Congress, Prints and Photographs Division.</subfield>
  </datafield>
  <datafield tag="540" ind1=" " ind2=" ">
    <subfield code="a">No known restrictions on publication.</subfield>
  </datafield>
  <datafield tag="541" ind1=" " ind2=" ">
    <subfield code="c">Gift and purchase;</subfield>
    <subfield code="a">Carol M. Highsmith;</subfield>
    <subfield code="d">2009;</subfield>
    <subfield code="e">(DLC/PP-2010:031).</subfield>
  </datafield>
  <datafield tag="580" ind1=" " ind2=" ">
    <subfield code="a">Forms part of: Carol M. Highsmith&apos;s America Project in the Carol M. Highsmith Archive.</subfield>
  </datafield>
  <datafield tag="585" ind1=" " ind2=" ">
    <subfield code="a">Exhibited: &quot;Sakura : Cherry Blossom as Living Symbol of Friendship&quot; in the Graphic Arts Gallery, Thomas Jefferson Building, Library of Congress, Washington, D.C., 2012.</subfield>
  </datafield>
  <datafield tag="653" ind1=" " ind2=" ">
    <subfield code="a">Washington Monument</subfield>
    <subfield code="a">Cherry trees</subfield>
    <subfield code="a">Spring</subfield>
  </datafield>
  <datafield tag="655" ind1=" " ind2="7">
    <subfield code="a">Digital photographs</subfield>
    <subfield code="x">Color</subfield>
    <subfield code="y">2000-2010.</subfield>
    <subfield code="2">gmgpc</subfield>
  </datafield>
  <datafield tag="662" ind1=" " ind2=" ">
    <subfield code="a">United States</subfield>
    <subfield code="b">District of Columbia</subfield>
    <subfield code="d">Washington (D.C.)</subfield>
    <subfield code="2">local</subfield>
  </datafield>
  <datafield tag="773" ind1="0" ind2=" ">
    <subfield code="a">Highsmith, Carol M., 1946-</subfield>
    <subfield code="t">Carol M. Highsmith Archive.</subfield>
    <subfield code="w">(DLC)   00650024</subfield>
  </datafield>
  <datafield tag="852" ind1=" " ind2=" ">
    <subfield code="a">Library of Congress</subfield>
    <subfield code="b">Prints and Photographs Division</subfield>
    <subfield code="e">Washington, D.C. 20540 USA</subfield>
    <subfield code="n">dcu</subfield>
    <subfield code="u">http://hdl.loc.gov/loc.pnp/pp.print</subfield>
  </datafield>
  <datafield tag="856" ind1="4" ind2="1">
    <subfield code="3">original digital file</subfield>
    <subfield code="d">highsm</subfield>
    <subfield code="f">04037</subfield>
    <subfield code="q">p</subfield>
    <subfield code="u">http://hdl.loc.gov/loc.pnp/highsm.04037</subfield>
  </datafield>
  <datafield tag="985" ind1=" " ind2=" ">
    <subfield code="a">pp/highsm</subfield>
  </datafield>
  <datafield tag="985" ind1=" " ind2=" ">
    <subfield code="e">pp/min</subfield>
  </datafield>
  <datafield tag="985" ind1=" " ind2=" ">
    <subfield code="a">pp/diof</subfield>
  </datafield>
  <datafield tag="991" ind1=" " ind2=" ">
    <subfield code="b">c-P&amp;P</subfield>
    <subfield code="m">(ONLINE)</subfield>
  </datafield>
</record>