
<record>
  <leader>02577ckm a22004457a 4500</leader>
  <controlfield tag="001">17110657</controlfield>
  <controlfield tag="005">20200101211615.0</controlfield>
  <controlfield tag="007">kj co </controlfield>
  <controlfield tag="007">cr |||||||||||</controlfield>
  <controlfield tag="008">120109s1913    xx nnn            kn     </controlfield>
  <datafield tag="906" ind1=" " ind2=" ">
    <subfield code="a">7</subfield>
    <subfield code="b">cbc</subfield>
    <subfield code="c">orignew</subfield>
    <subfield code="d">u</subfield>
    <subfield code="e">ncip</subfield>
    <subfield code="f">20</subfield>
    <subfield code="g">y-printpho</subfield>
  </datafield>
  <datafield tag="955" ind1=" " ind2=" ">
    <subfield code="a">qw44 2012-01n</subfield>
  </datafield>
  <datafield tag="010" ind1=" " ind2=" ">
    <subfield code="a">  2012645187</subfield>
  </datafield>
  <datafield tag="017" ind1=" " ind2=" ">
    <subfield code="a">K66799</subfield>
    <subfield code="b">U.S. Copyright Office.</subfield>
  </datafield>
  <datafield tag="037" ind1=" " ind2=" ">
    <subfield code="a">LC-DIG-ppmsca-32217</subfield>
    <subfield code="b">DLC</subfield>
    <subfield code="c">(digital file from original print)</subfield>
  </datafield>
  <datafield tag="040" ind1=" " ind2=" ">
    <subfield code="a">DLC</subfield>
    <subfield code="c">DLC</subfield>
    <subfield code="e">gihc</subfield>
  </datafield>
  <datafield tag="050" ind1="0" ind2="0">
    <subfield code="a">FP - XX - L957,</subfield>
    <subfield code="b">no. 47</subfield>
  </datafield>
  <datafield tag="100" ind1="1" ind2=" ">
    <subfield code="a">Lum, Bertha Boynton,</subfield>
    <subfield code="d">1869-1954,</subfield>
    <subfield code="e">artist.</subfield>
  </datafield>
  <datafield tag="245" ind1="1" ind2="0">
    <subfield code="a">[Four children dancing beneath blossoming cherry trees]</subfield>
    <subfield code="h">[graphic] /</subfield>
    <subfield code="c">Bertha Lum.</subfield>
  </datafield>
  <datafield tag="246" ind1="1" ind2="3">
    <subfield code="a">Cherry blossoms</subfield>
  </datafield>
  <datafield tag="260" ind1=" " ind2=" ">
    <subfield code="c">[c1913]</subfield>
  </datafield>
  <datafield tag="300" ind1=" " ind2=" ">
    <subfield code="a">1 print :</subfield>
    <subfield code="b">woodblock, color ;</subfield>
    <subfield code="c">44 x 30.8 cm (sheet)</subfield>
  </datafield>
  <datafield tag="500" ind1=" " ind2=" ">
    <subfield code="a">Caption label from exhibit &quot;Sakura&quot;: Japonisme: Western Appreciation and Appropriation. After Japan expanded several ports to trade and commerce by Western powers in the 1850s, Western appreciation of Japanese art quickly followed. In 1872, French collector and printmaker Philippe Burty coined the term japonisme, which came to describe the work of Western artists influenced by Japanese aesthetics and subject matter. Notable American practitioners included Bertha Lum (1869-1954) who studied in Tokyo with master block cutter Bonkotsu Igami (1875-1933) during an extended visit to Japan in 1907.</subfield>
  </datafield>
  <datafield tag="540" ind1=" " ind2=" ">
    <subfield code="a">No known restrictions on publication.</subfield>
  </datafield>
  <datafield tag="500" ind1=" " ind2=" ">
    <subfield code="a">Title devised by Library staff.</subfield>
  </datafield>
  <datafield tag="500" ind1=" " ind2=" ">
    <subfield code="a">Signed in pencil.</subfield>
    <subfield code="5">DLC</subfield>
  </datafield>
  <datafield tag="500" ind1=" " ind2=" ">
    <subfield code="a">Alternate title published in: American prints in the Library of Congress, p. 272, #7.</subfield>
  </datafield>
  <datafield tag="510" ind1="4" ind2=" ">
    <subfield code="a">American prints in the Library of Congress : a catalog of the collection / compiled by Karen F. Beall... Baltimore : Johns Hopkins Press, 1970,</subfield>
    <subfield code="c">p. 272, #7</subfield>
  </datafield>
  <datafield tag="585" ind1=" " ind2=" ">
    <subfield code="a">Exhibited: &quot;Sakura : Cherry Blossom as Living Symbol of Friendship&quot; in the Graphic Arts Gallery, Thomas Jefferson Building, Library of Congress, Washington, D.C., 2012.</subfield>
  </datafield>
  <datafield tag="650" ind1=" " ind2="7">
    <subfield code="a">Children</subfield>
    <subfield code="y">1910-1920.</subfield>
    <subfield code="2">lctgm</subfield>
  </datafield>
  <datafield tag="650" ind1=" " ind2="7">
    <subfield code="a">Cherry trees</subfield>
    <subfield code="y">1910-1920.</subfield>
    <subfield code="2">lctgm</subfield>
  </datafield>
  <datafield tag="650" ind1=" " ind2="7">
    <subfield code="a">Flowers</subfield>
    <subfield code="y">1910-1920.</subfield>
    <subfield code="2">lctgm</subfield>
  </datafield>
  <datafield tag="650" ind1=" " ind2="7">
    <subfield code="a">Dance</subfield>
    <subfield code="y">1910-1920.</subfield>
    <subfield code="2">lctgm</subfield>
  </datafield>
  <datafield tag="655" ind1=" " ind2="7">
    <subfield code="a">Woodcuts</subfield>
    <subfield code="x">Color</subfield>
    <subfield code="y">1910-1920.</subfield>
    <subfield code="2">gmgpc</subfield>
  </datafield>
  <datafield tag="852" ind1=" " ind2=" ">
    <subfield code="a">Library of Congress</subfield>
    <subfield code="b">Prints and Photographs Division</subfield>
    <subfield code="e">Washington, D.C. 20540 USA</subfield>
    <subfield code="n">dcu</subfield>
    <subfield code="u">http://hdl.loc.gov/loc.pnp/pp.print</subfield>
  </datafield>
  <datafield tag="856" ind1="4" ind2="1">
    <subfield code="3">digital file from original print</subfield>
    <subfield code="d">ppmsca</subfield>
    <subfield code="f">32217</subfield>
    <subfield code="q">p</subfield>
    <subfield code="u">http://hdl.loc.gov/loc.pnp/ppmsca.32217</subfield>
  </datafield>
  <datafield tag="985" ind1=" " ind2=" ">
    <subfield code="a">pp/finepr</subfield>
  </datafield>
  <datafield tag="985" ind1=" " ind2=" ">
    <subfield code="a">pp/exh</subfield>
    <subfield code="e">L4856 #38.01.00</subfield>
  </datafield>
  <datafield tag="985" ind1=" " ind2=" ">
    <subfield code="a">pp/diof</subfield>
  </datafield>
  <datafield tag="991" ind1=" " ind2=" ">
    <subfield code="b">c-P&amp;P</subfield>
    <subfield code="m">(C size)</subfield>
  </datafield>
</record>